2354 4138
275 313 321 360 22
531 321 539 336 ⁸
650 315 731 362 etus
756 317 777 363 1.

272 436 303 485 et
323 425 392 484 inde
414 425 609 507 proveniens,
630 427 760 487 radicem
780 428 832 488 dat
852 429 966 498 albam,
986 421 1063 504 digiti
1077 440 1141 479 cras·

271 521 427 595 situdinis,
447 521 620 603 mucilagine
641 525 808 604 turgidam,
827 524 925 586 odoris
938 521 1139 600 nullius,sap0·

271 620 311 681 ris
331 620 478 681 subdulcis
499 621 711 704 mucilaginosi.
732 622 815 684 Flos.
835 625 910 684 Dau.
932 623 1007 682 Tab.
1028 619 1091 682 530.

310 717 451 799 Ejusdem
470 721 595 783 FOL1t
614 721 761 800 cordata,
779 734 913 786 tomento
933 725 1047 784 cinereo
1060 717 1140 780 obdu·

271 829 337 892 cta,
359 839 460 879 mense
480 819 558 880 lulio
578 819 748 902 colligenda.

309 1017 475 1077 ALUMEN
499 1018 670 1078 cunnum
691 1041 715 1080 s.
735 1021 939 1082 VULGARE.
960 1018 1073 1078 Allun.
1096 1011 1137 1074 Al·

268 1115 362 1175 laun.
382 1116 437 1176 Est
458 1118 530 1180 stt
551 1117 683 1180 medium
704 1131 842 1180 terrestre
862 1133 971 1180 aterna
986 1117 1137 1198 argillama,

270 1210 401 1292 pauxillo
422 1214 491 1274 Kali
511 1229 543 1278 et
562 1217 649 1280 acido
670 1217 840 1300 sulphurico
861 1222 1072 1299 compositum,
1099 1232 1138 1294 ρο·

268 1320 380 1370 stremo
400 1324 500 1375 tamen
521 1316 784 1398 praeponderante.
806 1317 942 1396 Crystalli
961 1325 1028 1374 sunt
1058 1311 1139 1370 nrta'e'·

268 1408 340 1470 drae
359 1411 539 1492 pellucidae,
558 1421 754 1497 saporemque
775 1415 885 1478 babent
898 1416 1104 1476 dulcescentem
1116 1418 1139 1468 et

267 1509 506 1590 adstringentem.
527 1515 652 1574 Multam
674 1526 828 1596 praeterea
848 1515 959 1576 habeut
973 1533 1073 1596 aquam
1088 1529 1139 1588 cry·

266 1608 466 1671 stallisationis.
487 1611 533 1672 stt
553 1611 727 1692 splendent,
748 1613 985 1696 subpellucidnm
1005 1632 1058 1674 nec
1074 1609 1138 1668 leun

266 1707 463 1790 inquinatum.
484 1710 619 1772 liabetur
639 1732 657 1772 e
676 1713 824 1794 Nurragia
844 1724 875 1774 et
897 1714 1012 1776 Saenia.
1032 1707 1138 1772 Adven-

267 1819 316 1870 tur
335 1829 372 1871 ex
391 1809 515 1892 Anglia,
536 1812 694 1874 Germania
713 1825 746 1874 et
764 1814 858 1876 Italia.

308 1969 582 2031 AMMONIACUM
602 1971 746 2034 GUMMl.
768 1973 994 2036 ammonini.
1015 1965 1136 2030 Gummi

267 2065 491 2128 Ammoniak.

308 2205 431 2268 Plantae
451 2208 615 2271 ferulacaae
635 2208 733 2270 adhuc
754 2207 872 2290 ignotae
892 2209 1045 2275 SUCCUS
1069 2223 1137 2286 gun·
1159 2275 1160 2279 η

267 2309 518 2385 mco-resinosus,
537 2322 660 2372 externe
679 2308 814 2371 obsoleta
834 2307 951 2386 ssavus,
981 2313 1088 2374 interne
1110 2318 1137 2360 ex

266 2404 449 2479 albescente,
469 2405 595 2470 rubente
609 2421 640 2472 at
652 2407 785 2468 obsolete
798 2406 877 2468 ssavo
896 2408 1073 2490 variegatus,
1091 2403 1135 2460 len·
1158 2455 1159 2486 ,

267 2517 331 2575 tus,
350 2517 382 2564 et
401 2503 500 2567 calore
519 2526 625 2566 manus
649 2506 832 2568 mollescens.
862 2506 974 2568 Odoris
1002 2497 1135 2568 nauseati.

265 2603 399 2676 alliacei,
418 2607 575 2666 castoreatl
587 2604 751 2686 pauxillum
765 2604 918 2688 spirantis,
933 2605 1068 2670 Galbano
1077 2617 1136 2682 qun·
1157 2651 1158 2674 ,

265 2703 334 2764 dam
355 2703 445 2764 modo
466 2701 582 2779 similis,
606 2702 660 2764 sed
673 2703 762 2786 longe
782 2703 932 2786 gratioris,
954 2708 1064 2788 saporis
1082 2716 1157 2796 nau

265 2800 343 2864 sensi
356 2800 543 2864 amaricantis
557 2801 720 2864 acriumuli.
739 2804 873 2864 Praestet
887 2804 934 2865 vel
947 2804 978 2866 in
992 2803 1084 2887 granis
1096 2816 1136 2855 au·
1156 2831 1157 2836 κ

265 2901 371 2984 galatis
392 2901 491 2962 variae
511 2903 735 2982 magnitudinis,
753 2901 833 2964 intus
854 2903 956 2966 albidis
974 2915 1062 2986 atque
1075 2900 1136 2960 iulet

266 3021 297 3062 se
315 2999 491 3082 pierumque
511 2999 738 3082 conglutinatis,
760 3000 808 3060 vel
827 3000 859 3061 in
880 3003 979 3063 massis
1001 2997 1135 3063 rotunditt

265 3111 329 3160 tum
350 3100 473 3182 granula
493 3097 592 3160 albida
612 3096 796 3159 substantiae
817 3099 942 3161 molliori
975 3101 1071 3160 fuscae
1093 3095 1156 3156 im‘i

266 3201 356 3260 mixtu
377 3209 455 3260 suut.
476 3197 558 3258 Haec
570 3194 729 3258 seminibus
749 3195 878 3257 Ferulae
892 3197 973 3259 haud
986 3193 1134 3262 dissimilia,

264 3310 295 3361 et
315 3296 419 3359 sabulo
439 3296 614 3378 plerumque
634 3293 810 3375 interpolata
831 3306 908 3356 sunt.
929 3295 1092 3356 Advehitur
1109 3305 1155 3358 et,

265 3395 349 3456 india
368 3393 502 3456 orientali
522 3408 552 3456 et
571 3400 729 3476 Aegypto,
750 3396 877 3456 maxime
897 3414 914 3454 e
935 3395 1053 3458 deserto
1074 3387 1155 3452 Alii-i

265 3515 318 3558 cae
336 3495 440 3560 Barea.
461 3495 522 3558 Pro
543 3513 597 3556 usu
617 3496 732 3556 interno
753 3495 866 3558 nonnisi
886 3494 1029 3571 electum,
1058 3484 1135 3571 puris·
1153 3579 1154 3582 Ἴ
