2418 4148
238 329 262 398 8

235 445 323 536 rit'os
349 464 570 558 tabernarum
607 464 822 538 modicarum
859 467 1039 538 ministros
1076 466 1114 536 in

235 605 371 655 errores
400 582 627 678 inducerent,
664 585 775 682 iisque
811 585 906 657 varia
939 581 1117 654 miscendi

235 698 468 798 turbandique
493 725 613 773 ansam
639 699 870 802 praeberent,
902 700 996 774 illinc
1030 725 1116 800 pro·

233 817 360 890 babilis
386 821 621 919 exspectatio,
646 845 720 893 non
738 820 827 893 adeo
845 820 968 919 procul
991 819 1116 892 abesse

235 950 398 1037 tempus,
437 962 507 1037 quo
541 941 682 1038 antiqua
714 937 965 1012 recentioribus
1000 928 1116 1011 locum

236 1079 377 1128 cessura
415 1057 508 1152 sint,
546 1069 582 1128 ct
618 1057 763 1128 omnino
801 1055 1117 1130 commendabilior

233 1174 323 1245 ratio
349 1199 390 1245 ea
415 1175 490 1247 visa
515 1187 591 1268 cst,
617 1201 685 1274 qua
702 1174 1036 1246 medicamentorum
1056 1175 1115 1248 de·

234 1291 428 1363 nominatio
453 1293 571 1390 potius
604 1295 799 1391 apartium
825 1294 1113 1366 constituentium

233 1424 376 1506 natura,
403 1437 506 1509 quam
519 1412 644 1484 virtute
662 1411 814 1508 medica,
831 1425 1015 1509 peteretur.
1028 1413 1116 1484 lude

235 1541 270 1601 et
295 1529 352 1601 bio
379 1530 531 1602 mediam
566 1531 654 1601 inire
687 1531 781 1601 vlam
819 1532 936 1602 conati
970 1557 1115 1626 sumne,

233 1661 272 1718 ut
297 1648 386 1719 adeo
413 1662 449 1720 et
474 1649 667 1748 antiquiora
693 1662 728 1719 et
745 1650 938 1720 recentiora
955 1650 1114 1742 nomina,

234 1791 314 1838 cum
339 1765 376 1837 in
401 1766 525 1838 ordine
551 1764 774 1866 alphabetico
794 1765 961 1863 generali,
987 1779 1060 1838 tum
1078 1770 1113 1838 in

231 1883 350 1958 indice
387 1900 662 1958 commemorate
697 1886 928 1984 reperiantur,
967 1909 1034 1982 quo
1071 1910 1111 1954 ea

234 2003 684 2103 quaerendi'noscendique
711 2002 894 2076 difficultas
920 2002 1010 2077 nulla
1036 2003 1110 2074 crit.

281 2124 322 2194 ln
347 2123 581 2196 remediorum
602 2136 949 2221 extemporaneorum
976 2121 1112 2194 delectu

234 2254 372 2315 cautam
397 2243 649 2339 parsimoniam
683 2241 927 2339 adhibuimus,
966 2255 1004 2312 ut
1039 2267 1112 2313 non

233 2362 300 2434 nisi
325 2386 500 2460 perpauca
526 2362 679 2433 admissa
706 2363 931 2434 invenientur.
964 2360 1113 2432 Persua-

233 2505 310 2551 sum
327 2480 420 2550 enim
437 2478 541 2550 nobis
561 2477 762 2575 habuimus,
787 2480 1112 2577 Pharmacopoeam

233 2599 334 2669 unice
371 2596 417 2670 ad
449 2597 749 2696 pharmaceuticas
775 2597 1020 2694 clrcmicasquc
1044 2619 1108 2665 no-

232 2716 346 2788 tiones
372 2714 490 2787 relerri
524 2701 675 2811 debere,
713 2739 825 2812 neque
856 2713 1110 2804 dubitavimus,

233 2833 377 2904 doctum
411 2836 567 2930 quemvis
601 2831 691 2904 facili
726 2833 865 2927 negotio
902 2855 921 2902 e
955 2830 1109 2901 medico·

232 2963 429 3023 mentorum
457 2964 625 3049 apparatu
659 2951 805 3048 copioso
836 2947 1000 3020 formulas
1027 2975 1107 3019 suas

232 3069 515 3166 compositurum.
530 3069 694 3165 Accedit,
711 3069 807 3168 quod
819 3070 855 3140 in
868 3069 959 3140 notis
976 3065 1106 3140 formu·

230 3186 272 3259 lis
285 3184 502 3286 applicandis
521 3189 658 3286 saepius
673 3185 856 3284 singularia
870 3196 1046 3257 momenta
1060 3197 1109 3256 at·

231 3330 298 3402 que
313 3299 444 3376 indicia
462 3302 667 3398 obveniant,
692 3329 838 3402 quorum
856 3301 975 3374 habita
997 3316 1106 3374 atten-

231 3423 299 3493 tius
324 3423 459 3494 ratione
484 3420 558 3494 illas
582 3423 756 3494 immutari
783 3434 941 3519 oportet,
979 3419 1105 3490 nimiae

232 3565 315 3614 vero
341 3539 564 3615 formularum
587 3543 710 3639 copiae
740 3539 848 3613 facilis
881 3539 926 3610 sit
956 3536 1105 3632 abusus,
