2418 4148
317 485 707 594 canonas

116 723 294 778 ΜΔΤΕΜΑΕ
311 717 628 776 PHARMACEVTICAE
647 723 909 778 Pnauulrrnttnr

379 1117 415 1174 A.
437 1115 500 1174 Pro
521 1115 645 1191 sangis.

103 1319 125 1376 Ι.
149 1316 219 1376 Cito
240 1312 341 1374 siccati
361 1313 399 1374 ab
418 1311 626 1394 heterogeoeis
640 1311 774 1374 admistis
784 1311 958 1374 iderentur.

104 1417 144 1474 ΙΙ.
167 1414 331 1474 Serventur
351 1412 416 1472 ioco
430 1410 527 1486 sicco,
548 1432 586 1471 ne
603 1431 756 1472 mucorem
771 1411 959 1472 contrahant.

363 1610 396 1667 B.
417 1611 479 1670 Pro
501 1608 671 1670 Radicibus.

48 1875 56 1894 ο
110 1809 137 1868 1.
159 1805 279 1868 Aauuae
299 1805 444 1880 Radices,
474 1825 601 1887 quarum
620 1804 790 1889 parcissima
811 1808 961 1866 tamenin

68 1905 178 1969 nostris
199 1905 445 1988 pharmacopoiiis
465 1904 551 1987 eopia
572 1920 632 1982 est,
660 1905 846 1980 evellentur,
876 1915 962 1966 ante⁴

67 2028 163 2088 quarn
183 2005 281 2066 caules
302 2004 452 2086 floresque
473 2004 676 2087 proti-userius.
697 2003 822 2068 Biennos
845 2005 960 2078 altero,

66 2128 107 2167 ex
128 2103 191 2187 qud
213 2119 276 2165 sata
295 2117 386 2188 sunt,
407 2125 476 2167 vere
497 2118 648 2166 eruantur.
665 2106 696 2166 si
710 2126 781 2166 vero
795 2105 895 2187 inopia
915 2125 963 2166 ur·

64 2217 140 2288 get,
165 2217 312 2266 autumno
333 2205 464 2286 ejusdem
486 2204 572 2283 anni,
603 2227 664 2286 quo
684 2217 748 2266 sata
768 2220 856 2280 sunt,
886 2221 964 2287 post·

66 2325 161 2385 quam
194 2303 263 2368 foiia
294 2304 451 2383 caulesque
480 2324 669 2378 emicuere,
704 2302 802 2385 colligi
831 2317 963 2385 possunt.

66 2405 222 2464 Perennes
243 2401 367 2484 perinde
389 2414 451 2484 est,
475 2423 543 2464 vere
564 2425 602 2462 an
616 2414 762 2464 autumno
776 2403 964 2466 effodiantur.

69 2507 226 2562 Autumno
247 2514 349 2562 tamen
370 2502 528 2584 pleraeque
548 2513 617 2563 sunt
637 2501 662 2562 si
682 2488 743 2581 ripn
764 2493 999 2578 efficaciores‚-‘

27 2615 32 2626 '
65 2612 150 2660 certe
173 2620 289 2681 aquoso
310 2621 399 2660 succo
421 2621 480 2660 noo
501 2601 576 2660 adeo
597 2599 742 2680 turgidae.
1038 2592 1042 2600 ’

109 2701 151 2759 11.
174 2700 207 2758 In
229 2699 347 2760 delectu
367 2698 532 2771 Rudinum,
553 2699 747 2780 spongiosae,
781 2701 966 2779 forinsecae,

66 2798 231 2875 cariosae,
251 2797 384 2880 inprimis
404 2819 477 2860 vero
499 2818 624 2860 exsucoo
639 2801 877 2872 coniectantes,
898 2798 967 2879 reji-

65 2899 201 2958 ciantur.
222 2895 392 2958 Bonitatem
414 2894 495 2957 enirn
509 2896 652 2958 Radicum
672 2895 801 2958 ostendit
820 2897 968 2978 perfectus

66 3013 252 3076 toroausque
273 2993 388 3057 corticis
409 2993 537 3056 habitus.

108 3097 165 3155 tlt.
189 3097 277 3174 Quae
298 3093 446 3176 principiis
468 3095 636 3156 aromaticis
668 3105 698 3156 et
724 3096 860 3160 resinosis
879 3119 968 3180 prae·

70 3195 151 3255 ditae
173 3209 244 3256 sunt
263 3195 405 3269 Radices,
427 3191 540 3254 lotione
562 3215 623 3260 non
643 3209 817 3276 purgentur.
840 3195 968 3270 Sufficit,

67 3297 91 3354 si
114 3294 154 3356 de
176 3291 295 3354 modice
310 3289 421 3356 siccatis
435 3291 572 3375 pulveres
588 3287 750 3374 sordesque
771 3293 967 3356 excutiantur.

110 3393 168 3454 IV.
189 3391 394 3474 Praegrandes
408 3387 438 3452 et
452 3391 641 3454 succulentos
653 3390 792 3470 Radices,
805 3391 836 3458 in
846 3394 969 3456 taleolos

75 3489 225 3568 dissectae
246 3505 409 3553 serventur.

157 3592 285 3652 Puram.
306 3591 429 3662 Darios
833 3616 849 3656 2
