2418 4148
255 294 298 381 ¹4
616 314 764 364 canonas

286 428 327 487 V.
349 425 503 486 Sicccntur
522 426 581 487 cito
602 427 729 489 Radices
760 441 811 486 aut
834 427 901 486 loco
922 423 1018 484 calido
1040 422 1130 483 ventis

246 526 390 608 perflato,
412 541 465 587 aut
483 526 608 587 fornacis
629 525 689 588 leni
709 541 857 607 cautoque
878 525 983 584 calore.

286 627 340 687 Vl.
363 623 496 685 Siccatae
517 623 624 706 frigido
644 627 781 706 siccoque
809 625 877 684 loco
898 633 1067 693 serventur,
1095 643 1131 680 nc

247 725 337 787 situm
358 743 571 805 mucoremque
593 724 801 802 contrabant„
820 735 872 784 aut
902 721 1024 782 uredine
1046 732 1133 802 atque
1197 721 1198 756 ³

247 824 325 885 caric
345 825 516 884 exeduntur.
530 825 709 904 Fragrantes
722 823 823 884 vitreis
839 833 1034 882 coerceantur
1047 820 1132 884 vasis.

287 924 357 984 Vll.
378 923 495 982 Patriae
516 936 631 982 nostrae
653 919 829 1003 inquilinae,
860 935 922 982 tum
948 920 1133 982 succulentus

247 1023 373 1082 multum
394 1040 585 1101 gummosee,
615 1035 678 1080 tum
708 1005 799 1082 etiarn
823 1019 979 1081 subtilibus
1000 1034 1030 1080 et
1049 1018 1132 1080 facile

247 1118 432 1181 avolantibus
452 1117 563 1178 viribus
583 1117 754 1200 praeditae,
775 1123 929 1199 quotannis
951 1129 1079 1179 recentes
1091 1118 1134 1179 le·

247 1232 354 1301 gantur
374 1230 426 1279 aut
447 1228 636 1278 arcessantur.
1197 1275 1198 1280 ,

288 1319 372 1382 Vlll.
382 1316 499 1394 Quibus
513 1315 625 1376 siccatis
634 1315 757 1398 exigua,
779 1315 944 1379 recentibus
959 1335 1028 1378 vero
1042 1316 1134 1378 multa
1197 1321 1198 1370 ἶ

246 1409 340 1480 virtus
359 1422 456 1490 inest,
487 1428 521 1477 ut
541 1415 750 1490 Armoraeiae,
784 1418 885 1490 Iridis,
915 1421 980 1490 Ari,
1010 1417 1134 1492 Scillae,
1197 1429 1198 1488 l

161 1546 164 1559 ·
246 1517 413 1600 Bryoniae,
444 1531 611 1598 opportuna
638 1528 814 1599 tempestate
834 1516 999 1590 collectae,
1030 1518 1134 1577 sabulo
1197 1493 1198 1564 l

248 1620 326 1678 sicco
345 1615 517 1678 reconditae
539 1625 699 1678 serventur.

354 1816 389 1878 G.
410 1815 473 1876 Pro
494 1816 616 1896 Ligeia,
637 1813 803 1877 corticibus
823 1830 851 1878 et
873 1816 1035 1896 Stipitt'bus.

284 2017 310 2077 l.
333 2013 457 2098 stipites
477 2032 579 2078 versus
599 2029 796 2094 autumnum,
817 2037 878 2097 quo
898 2027 1031 2098 tempore
1045 2031 1137 2076 succo

249 2115 367 2176 efficaci.
382 2115 476 2196 probe
495 2127 582 2175 cocto
602 2126 736 2190 scatent,
757 2128 931 2176 resecentur.

288 2216 326 2277 ll.
350 2215 479 2276 Cortices
510 2233 527 2274 e
553 2213 707 2275 fruticibus
737 2226 950 2274 autumno-ex
984 2213 1138 2274 arboribus

249 2314 351 2376 adulta
370 2315 492 2396 hyeme,
513 2315 672 2375 accedente
692 2333 780 2394 vere,
803 2314 1007 2396 deglubantur.

287 2415 342 2476 lll.
361 2415 454 2496 Ligna
475 2412 600 2474 hiberno
620 2413 808 2476 succidentur
829 2429 972 2496 tempore.

396 2612 436 2671 D.
457 2609 518 2669 Pro
540 2610 663 2686 Herbis,
684 2610 783 2672 Foliis
802 2621 832 2669 et
853 2610 997 2671 Gerrrmt's.

291 2810 314 2869 1.
336 2808 484 2870 Turiones
499 2825 695 2890 gemmaeque
707 2807 804 2890 primo
818 2827 903 2887 vere,
927 2829 988 2889 quo
1003 2821 1142 2888 tempore

246 2909 417 2990 ¹turgidulue
438 2921 505 2972 sunt
516 2955 527 2986 ,
548 2921 578 2972 et
598 2919 667 2970 aute
687 2908 911 2990 explicationem
931 2908 1070 2970 loliorum
1092 2910 1145 2971 de·

251 3019 416 3089 carpantur.

293 3108 329 3168 ll.
349 3107 469 3168 Herbae
489 3108 665 3190 colligantur
685 3108 802 3168 adultae
823 3129 891 3167 cum
917 3109 990 3168 soliis
1012 3107 1068 3167 rite
1092 3129 1145 3168 ex·

251 3206 371 3289 pansis,
393 3220 550 3289 antequem
565 3207 653 3268 flores
667 3227 730 3268 sese
745 3206 946 3289 explicuerint.
963 3209 1050 3284 Quae
1066 3227 1147 3268 sem·

251 3327 306 3390 per
325 3305 441 3384 virent,
468 3306 574 3388 quovis
595 3317 731 3390 tempore
752 3307 888 3389 colligere
908 3306 994 3380 licet,
1015 3327 1146 3367 vernum

250 3417 352 3470 tamen
372 3418 511 3488 praestat.
