2418 4148
590 251 617 306 0

442 332 589 396 cenonas
916 303 958 377 15

111 445 165 504 lll.
186 443 270 502 Folia
291 441 457 524 colliganda
477 457 545 506 sunt
560 451 734 526 tempestate
748 435 962 502 siccauonsiiu

71 556 141 621 post
162 552 260 601 ortum
281 541 379 614 Solis,
401 539 521 602 simulac
541 562 659 614 rorem,
680 558 741 622 quo
761 549 850 600 nocte
871 557 961 600 caue·

76 650 162 699 scunt
182 640 316 720 plantae,
338 638 415 700 Solis
429 639 504 700 radii
517 639 733 722 dissipaverint.
755 639 962 720 Decerpantur

71 760 158 815 vero,
181 753 338 822 postquam
359 737 533 802 defloruerit
553 754 584 801 et
604 755 764 821 antequam
785 739 963 800 maturuerit

67 838 180 918 planta.

109 939 164 998 tv.
186 937 305 998 Herbae
324 937 483 1020 indigenae
503 937 663 1022 quotannis
683 949 817 1002 recantes
837 955 962 1018 compa·

68 1039 126 1096 rari
146 1036 266 1097 debent.
289 1038 426 1099 Effoetae
446 1037 615 1121 superstites
635 1060 690 1121 pro
711 1038 771 1100 sula
784 1036 869 1100 alcali
884 1037 961 1098 ller-

70 1137 174 1194 barum
196 1136 290 1215 (Kali)
313 1138 444 1218 parando
465 1137 598 1198 adhiberi
618 1151 751 1220 possunt.

10 1219 12 1224 ⁵
107 1233 146 1295 V.
168 1233 337 1295 Exsiccatio
356 1237 515 1298 herbarum
547 1235 684 1298 citissime
713 1235 767 1296 liat
791 1245 844 1295 aut
864 1233 962 1296 calido

65 1335 214 1395 umbroso
235 1349 267 1395 et
288 1334 326 1394 ab
348 1341 416 1397 atre
436 1335 561 1418 pcrllato
581 1337 667 1412 loco,
698 1346 751 1396 aut
778 1334 859 1396 lento
875 1321 961 1396 'cau-

64 1445 161 1514 toque
182 1431 309 1494 fornacis
330 1435 436 1495 calore.

242 1671 248 1676 -
367 1635 404 1700 tt.
427 1633 490 1696 Pro
510 1634 665 1701 Floribus.

111 1830 136 1888 l.
156 1827 261 1888 Floras
280 1828 478 1912 decerpuntur
498 1846 594 1910 nuper
614 1825 756 1907 expansi,
777 1835 857 1886 certe
877 1839 960 1886 autc«

68 1945 162 2006 quam
178 1924 366 1986 antherarum
382 1925 521 2005 pollinem
535 1923 726 2006 exploserint,
740 1921 947 2005 quamprimun

40 2049 44 2056 ·
69 2023 145 2084 radii
167 2024 244 2084 Solis
264 2046 362 2086 rorem
385 2023 598 2106 dissipaverint.

108 2123 146 2184 ll.
169 2123 262 2183 Cornu
283 2122 393 2185 llorens
418 2122 602 2204 colligenda,
632 2121 704 2183 dum
734 2120 789 2184 flos
820 2121 958 2205 explicari

65 2219 178 2302 incipit.

106 2321 159 2384 lll.
183 2318 340 2380 Siccentur
359 2332 394 2380 ut
414 2319 539 2403 herbae,
564 2335 595 2384 et
615 2321 755 2404 quidem,
785 2340 877 2401 quam
895 2318 960 2381 fieri

23 2445 30 2452 ·
68 2429 180 2497 potest,
202 2417 349 2480 citissime.

359 2614 396 2676 F.
418 2611 483 2676 Pro
505 2615 677 2678 Seminibus.

103 2809 126 2868 l.
149 2806 271 2868 Semina
292 2808 468 2892 colligantur
488 2811 615 2892 perfecte
636 2827 771 2890 matura,
796 2823 955 2895 antequam

62 2918 172 2988 sponte
194 2905 350 2982 excidant,
382 2909 511 2990 locoque
541 2911 579 2971 ab
611 2915 679 2973 ais're
708 2911 834 2994 perssato
864 2913 957 2999 probe

62 3003 233 3083 siccentur,
254 3008 317 3066 sine
338 3008 411 3088 ignis
431 3006 621 3070 adminiculo.

99 3107 136 3168 ll.
159 3107 250 3183 Quae
271 3106 426 3187 capsulas,
446 3104 596 3170 involucra
611 3123 669 3172 etc.
684 3113 812 3194 retinent
826 3109 955 3186 Semina,

63 3225 96 3264 ea
116 3204 164 3266 his
186 3207 301 3264 munita
321 3216 484 3270 servantur.
790 3277 797 3284 ,
836 3219 840 3227 ’

100 3305 154 3366 lll.
179 3304 358 3386 Plerumque
380 3319 481 3366 autern
503 3305 656 3368 Seminum
688 3307 817 3370 delectus
845 3307 887 3370 ita
908 3309 956 3370 in·

62 3403 231 3464 stituendus
253 3417 316 3478 est,
337 3417 371 3464 ut
392 3425 488 3487 aquae
508 3403 717 3481 immittantur,
752 3419 783 3469 et
813 3407 956 3489 quidquid
