2418 4148
245 319 270 389 o

253 483 320 529 una
346 484 426 552 cum
451 460 594 555 esimio,
620 487 723 559 quem
741 487 795 534 ars
814 463 980 537 Chemica
1005 483 1121 541 nostro
1168 475 1195 494 '¹

252 602 338 649 aevo
364 577 447 649 fecit
473 604 680 677 progressu,
720 583 872 678 insigues
911 585 1124 683 postulavere

249 703 478 794 mutationes,
502 698 696 797 multasque
714 702 891 775 cautiones
910 704 1124 778 adhibendas

171 799 174 804 ¹
251 828 442 888 suaserunt.

299 934 434 1032 Duplex
459 936 616 1032 inprimis
638 961 707 1007 nos
734 936 901 1010 sollicitos
928 933 1050 1013 habuit
1067 943 1125 1015 de·

250 1055 432 1149 siderium,
450 1051 610 1148 alterum,
627 1079 671 1125 ne
688 1055 923 1128 remediorum
942 1075 1124 1156 apparatus

250 1176 342 1266 justo
367 1170 471 1240 nimis
499 1182 697 1265 augeretur,
722 1195 840 1243 verum
866 1177 983 1269 potius
1008 1179 1124 1272 provi-

249 1287 316 1383 de',
350 1285 481 1383 absque
506 1283 604 1358 ullius
629 1288 748 1359 idonei
773 1289 953 1383 neglectu,
988 1294 1123 1363 restrin-

248 1417 402 1500 geretur,
440 1402 583 1476 aiterum
621 1430 665 1475 eo
705 1405 874 1500 tenderm,
908 1421 945 1478 ut
979 1410 1122 1481 Medicis

246 1525 411 1622 practicis
450 1536 542 1595 esset
580 1527 704 1620 copia,
746 1525 835 1594 iuter
869 1526 1122 1598 medicamenta

200 1674 207 1680 ·
245 1645 373 1714 virtute
398 1643 518 1741 paria,
543 1667 583 1712 ea
619 1640 791 1737 deligendi
808 1641 1063 1743 exhibendique
1087 1649 1124 1716 iu

237 1787 353 1857 usus,
379 1785 466 1858 quae
491 1760 682 1857 propositis
701 1759 826 1831 finibus
846 1760 1046 1834 obtinendis
1073 1765 1123 1834 in-

245 1880 368 1977 primis
395 1891 476 1976 epta
502 1890 537 1950 et
562 1876 828 1949 accommodata
845 1879 886 1950 iis
904 1881 977 1952 visa
995 1892 1118 1950 essent.

245 1997 336 2069 Hinc
363 1996 523 2068 dedimus
541 2019 705 2093 operam,
731 2008 768 2066 ut
784 1996 874 2067 inter
890 1995 1121 2068 medicamen-

246 2129 363 2188 torum
388 2137 569 2186 numerum
594 2114 698 2185 nimis
723 2112 854 2209 largum
886 2127 989 2212 atque
1016 2139 1122 2209 angu-

246 2248 339 2308 stum
370 2232 486 2304 media
519 2257 539 2302 a
571 2231 673 2302 nobis
708 2234 763 2304 via
798 2245 988 2327 teneretur,
1026 2232 1123 2329 quod

136 2405 138 2410 .
247 2354 386 2454 quidem
414 2349 589 2443 studium,
616 2373 794 2446 quousque
820 2348 922 2422 nobis
942 2375 1122 2421 successe·

244 2474 313 2565 rit,
351 2492 459 2568 penes
491 2489 621 2562 aequos
646 2467 845 2562 peritosque
871 2465 1016 2538 lectores
1043 2478 1122 2536 esto

246 2585 423 2682 judicium.
861 2571 870 2586 “

297 2704 395 2777 Grati
413 2703 614 2800 profitemur
631 2725 697 2772 nos
712 2726 731 2772 e
748 2698 986 2774 nonnullarum
1011 2700 1122 2771 Phar-

245 2844 514 2919 maoopoearum
539 2820 770 2892 recentiorum
801 2815 876 2888 luce
910 2815 1122 2914 nutibusque
1193 2827 1194 2834 ’

247 2937 459 3037 proiecisse,
500 2959 612 3034 neque
649 2935 798 3031 cujusvis
835 2935 946 3006 uostri
979 2931 1123 3027 collegii

248 3054 425 3130 Sodalium
449 3079 550 3125 usum
576 3051 774 3124 diuturnum
807 3066 843 3124 et
873 3054 1124 3151 experientiam

247 3171 474 3273 muitiplicem
498 3167 677 3243 consulere
701 3167 921 3265 negleximus.

297 3290 580 3384 Pharmaeopoea
605 3298 723 3358 nostra
748 3285 785 3356 in
811 3285 897 3357 duas
916 3284 1026 3358 divisa
1045 3311 1127 3382 par·-

247 3426 301 3484 tes
327 3423 389 3482 est.
414 3405 524 3482 Priori
549 3405 744 3475 continetur
781 3402 924 3475 materia
956 3401 1126 3501 pharma-

249 3530 402 3626 ceutica,
429 3550 489 3600 seu
514 3546 633 3616 eorum
658 3520 1006 3617 medicamentorum,
1032 3547 1127 3618 quae
1192 3521 1193 3590 J
