2418 4148
273 319 318 393 72
354 368 356 374 s
648 317 730 368 rias
756 319 776 368 1.

311 427 451 510 Ejusdem
472 449 489 488 e
511 427 588 512 ligno
608 431 749 493 RESINA
771 451 807 490 ex
820 427 957 491 Amerina
971 428 1080 506 allata,
1102 428 1165 488 ira·

270 527 352 610 giba,
372 527 512 604 friabilis,
533 531 755 612 subpeliueida3
780 529 894 612 saporis
924 533 999 589 acris
1027 551 1167 610 pungen-

270 631 324 702 tis;
345 628 444 690 odoris
471 627 599 705 nullius,
620 631 694 710 grati
724 649 796 689 vero
817 628 843 690 si
869 626 972 711 prunis
1003 627 1166 710 injiciatur.

272 725 388 790 Colania
408 741 528 788 externe
550 750 567 788 e
589 727 679 788 viride
700 727 774 810 pulli
795 739 847 788 aut
867 729 992 788 obscure
1013 727 1091 805 rufi,
1121 729 1168 788 in·

271 827 355 887 teme
376 826 528 888 albicantia
542 826 714 887 subrubelli.
725 813 929 886 *Adulteratur
939 823 1096 887 additione
1111 839 1168 888 aut

160 929 164 936 ”
227 961 230 966 -
270 926 397 988 Bahami
419 925 575 1008 sulphuris
591 926 782 987 Smalcaldici.
803 927 899 986 Fraus
911 923 1060 1006 detegitur
1077 927 1169 986 facile

269 1046 359 1108 nuper
377 1028 473 1106 ignem
482 1070 493 1104 ‚
515 1024 566 1106 qui
586 1023 740 1102 Sulphurie
753 1024 878 1086 odorem
892 1023 1025 1104 eutricat.
1045 1025 1167 1086 Distin-

270 1125 388 1206 guenda
408 1140 455 1185 eet
475 1124 601 1198 Resina,
622 1146 698 1206 quae
719 1124 868 1185 mediante
889 1124 996 1207 spiritu
1016 1125 1077 1187 vini
1099 1126 1169 1186 eti-

270 1242 329 1303 gnn
350 1221 534 1295 extrahitur3
554 1221 627 1282 haec
650 1242 719 1282 vero
739 1223 839 1283 nativa
860 1237 924 1296 est,
946 1233 977 1283 et
991 1242 1029 1284 ex
1042 1223 1168 1296 arbore,

268 1341 348 1402 quae
369 1323 534 1402 Guajacum
554 1319 666 1402 lignum
687 1321 869 1402 suppeditat,
890 1323 1023 1383 exsudat.
1056 1321 1166 1406 Eliga-

269 1433 319 1482 tur
338 1419 407 1493 illa,
428 1440 505 1501 quae
525 1418 557 1480 in
576 1419 741 1481 minorihus
759 1419 860 1481 frustis
880 1420 1038 1482 advehitur
1051 1435 1084 1482 et
1099 1443 1167 1482 cnr-

268 1517 374 1579 ticibus
393 1518 535 1578 adhaeret
556 1515 688 1597 Guajaci.
710 1518 798 1596 Quae
818 1517 916 1579 soluta
937 1516 968 1578 in
989 1516 1100 1600 spiritu
1119 1519 1165 1578 vi·

256 1615 318 1688 ni,
339 1614 363 1678 si
383 1613 539 1676 instilletur
553 1613 672 1698 spiritus
686 1615 755 1676 nitri
768 1615 881 1692 dulcia,
902 1617 1043 1677 caeruleo
1056 1617 1167 1680 colora

268 1715 411 1798 tingitur,
431 1713 546 1776 sincera
565 1735 629 1776 eene
649 1703 846 1777 concluditur.

310 1917 445 1978 GUMMI
466 1913 749 1978 ADSTRINGENS
769 1913 1061 1980 FOTHERGILLI.
1090 1919 1167 1984 vid.

136 2025 138 2029 ’
219 1983 396 2080 'Gummi
415 2018 507 2078 Kino.
586 2037 590 2042 ’

312 2176 447 2237 GUMMI
466 2173 693 2246 audalaum·
711 2173 847 2234 GUMM!
863 2173 1056 2268 SENEGAL.
1072 2178 1166 2240 Ara·

269 2276 353 2338 hiek
374 2275 530 2337 Gummi.
550 2272 729 2336 Arabiach
751 2273 907 2335 Gummi.

307 2413 461 2472 Mimosae
474 2412 641 2486 Niloticae,
653 2409 740 2472 Linn.
752 2403 798 2471 (11.Ι
806 2411 918 2472 xxtu.
931 2413 995 2473 ord.
1008 2413 1166 2488 Menoec„

268 2515 417 2587 GUMMI,
438 2533 455 2572 e
477 2509 593 2575 Guinea
613 2521 643 2571 et
664 2531 715 2570 nra
735 2509 914 2591 Nigritarum
927 2511 959 2572 in
971 2512 1071 2576 fruetis
1092 2535 1166 2576 cou-

267 2615 386 2695 epicuae
406 2609 511 2685 molis,
531 2609 601 2670 foria
629 2608 739 2691 asperia
770 2610 911 2685 aliatum,
942 2613 1024 2693 quod
1053 2629 1164 2696 utpote

267 2711 386 2775 minoris
406 2710 507 2793 pretii,
529 2710 662 2790 ejusdem
682 2720 782 2770 tamen
803 2711 939 2789 virtutis,
967 2712 998 2772 in
1030 2713 1163 2776 officinis

130 2847 135 2852 -
268 2823 383 2893 prostat
403 2809 470 2870 inco
492 2811 613 2869 Gummi
634 2806 744 2868 arabici
764 2809 927 2886 (mimosae
955 2811 1015 2872 sive
1040 2817 1163 2876 acaciae

267 2912 464 2990 Aegyptiacae
485 2917 513 2966 et
534 2905 697 2982 Arabicae)
718 2906 825 2987 pallida
837 2907 926 2987 latei,
946 2908 1056 2990 fragilia
1066 2955 1078 2983 ,
1100 2913 1164 2972 sm.

265 3010 304 3068 eti
326 3004 525 3088 splendentia,
545 3003 692 3085 peliucidi.
713 3004 848 3067 Odorem
868 3021 899 3067 et
919 3027 1057 3088 saporem
1089 3009 1164 3072 nul·

264 3105 327 3165 lum
347 3102 446 3162 habet.
467 3099 570 3164 Bdeliii
583 3101 719 3182 frustula,
739 3101 864 3182 senegai
880 3103 1002 3164 Gummi
1015 3125 1164 3168 nonnun-

266 3223 358 3285 quam
378 3201 572 3283 interpolata,
594 3201 686 3262 odore
707 3221 740 3261 ee
759 3201 900 3282 produnt.

273 3467 278 3474 ,
310 3397 447 3458 cuum
471 3395 707 3458 nanninusa.
728 3396 796 3457 vu.
820 3349 947 3458 anama*
961 3400 1052 3460 arno.
1093 3441 1096 3448 ,
