<?xml version="1.0" encoding="UTF-8"?>
<!DOCTYPE html PUBLIC "-//W3C//DTD XHTML 1.0 Transitional//EN"
    "http://www.w3.org/TR/xhtml1/DTD/xhtml1-transitional.dtd">
<html xmlns="http://www.w3.org/1999/xhtml" xml:lang="en" lang="en">
 <head>
  <title>
</title>
<meta http-equiv="Content-Type" content="text/html;charset=utf-8" />
  <meta name='ocr-system' content='tesseract 3.04.00' />
  <meta name='ocr-capabilities' content='ocr_page ocr_carea ocr_par ocr_line ocrx_word'/>
</head>
<body>
  <div class='ocr_page' id='page_1' title='image "./pharmacopoeadan00unkngoog_0172.png"; bbox 0 0 2438 4148; ppageno 0'>
   <div class='ocr_carea' id='block_1_1' title="bbox 271 275 963 366">
    <p class='ocr_par' dir='ltr' id='par_1_1' title="bbox 271 275 963 366">
     <span class='ocr_line' id='line_1_1' title="bbox 271 275 963 366; baseline -0.014 -2"><span class='ocrx_word' id='word_1_1' title='bbox 271 316 466 366; x_wconf 77' lang='lat' dir='ltr'><strong>coaroarrn</strong></span> <span class='ocrx_word' id='word_1_2' title='bbox 492 319 537 365; x_wconf 83' lang='lat' dir='ltr'><strong>nr</strong></span> <span class='ocrx_word' id='word_1_3' title='bbox 562 275 780 364; x_wconf 64' lang='lat' dir='ltr'><strong>manarant</strong></span> <span class='ocrx_word' id='word_1_4' title='bbox 901 284 963 356; x_wconf 75' lang='lat'><strong>181</strong></span> 
     </span>
    </p>
   </div>
   <div class='ocr_carea' id='block_1_2' title="bbox 357 527 816 591">
    <p class='ocr_par' dir='ltr' id='par_1_2' title="bbox 357 527 816 591">
     <span class='ocr_line' id='line_1_2' title="bbox 357 527 816 591; baseline -0.009 0"><span class='ocrx_word' id='word_1_5' title='bbox 357 530 456 591; x_wconf 80' lang='lat' dir='ltr'>KALI</span> <span class='ocrx_word' id='word_1_6' title='bbox 478 527 690 590; x_wconf 76' lang='lat' dir='ltr'>ACETICUM</span> <span class='ocrx_word' id='word_1_7' title='bbox 813 545 816 552; x_wconf 82' lang='grc'><strong>’</strong></span> 
     </span>
    </p>
   </div>
   <div class='ocr_carea' id='block_1_3' title="bbox 305 665 730 750">
    <p class='ocr_par' dir='ltr' id='par_1_3' title="bbox 305 665 730 750">
     <span class='ocr_line' id='line_1_3' title="bbox 305 665 730 750; baseline -0.009 -20"><span class='ocrx_word' id='word_1_8' title='bbox 305 669 425 747; x_wconf 82' lang='lat' dir='ltr'><strong>(Terra</strong></span> <span class='ocrx_word' id='word_1_9' title='bbox 439 669 559 750; x_wconf 81' lang='lat' dir='ltr'><strong>foliata</strong></span> <span class='ocrx_word' id='word_1_10' title='bbox 584 665 730 743; x_wconf 76' lang='lat' dir='ltr'><strong>Tartari)</strong></span> 
     </span>
    </p>
   </div>
   <div class='ocr_carea' id='block_1_4' title="bbox 68 825 972 1501">
    <p class='ocr_par' dir='ltr' id='par_1_4' title="bbox 68 825 972 1501">
     <span class='ocr_line' id='line_1_4' title="bbox 70 825 698 909; baseline -0.013 -17"><span class='ocrx_word' id='word_1_11' title='bbox 70 832 110 892; x_wconf 85' lang='lat' dir='ltr'><strong>lt.</strong></span> <span class='ocrx_word' id='word_1_12' title='bbox 135 825 209 890; x_wconf 78' lang='lat' dir='ltr'><strong>Ruti</strong></span> <span class='ocrx_word' id='word_1_13' title='bbox 228 827 394 901; x_wconf 87' lang='lat' dir='ltr'><strong>carbonici,</strong></span> <span class='ocrx_word' id='word_1_14' title='bbox 415 843 563 909; x_wconf 83' lang='lat' dir='ltr'><strong>quantum</strong></span> <span class='ocrx_word' id='word_1_15' title='bbox 581 826 698 908; x_wconf 85' lang='lat' dir='ltr'><strong>placet,</strong></span> 
     </span>
     <span class='ocr_line' id='line_1_5' title="bbox 133 923 971 1010; baseline -0.011 -20"><span class='ocrx_word' id='word_1_16' title='bbox 133 927 219 990; x_wconf 81' lang='lat' dir='ltr'><strong>Aeeti</strong></span> <span class='ocrx_word' id='word_1_17' title='bbox 233 927 389 1004; x_wconf 74' lang='lat' dir='ltr'><strong>destillari,</strong></span> <span class='ocrx_word' id='word_1_18' title='bbox 411 940 558 1010; x_wconf 85' lang='lat' dir='ltr'><strong>quantum</strong></span> <span class='ocrx_word' id='word_1_19' title='bbox 574 924 684 988; x_wconf 82' lang='lat' dir='ltr'><strong>sufficit</strong></span> <span class='ocrx_word' id='word_1_20' title='bbox 697 923 734 984; x_wconf 85' lang='lat' dir='ltr'><strong>ad</strong></span> <span class='ocrx_word' id='word_1_21' title='bbox 750 924 911 1006; x_wconf 80' lang='lat' dir='ltr'><strong>perfectam</strong></span> <span class='ocrx_word' id='word_1_22' title='bbox 925 942 971 982; x_wconf 83' lang='lat' dir='ltr'><strong>sa-</strong></span> 
     </span>
     <span class='ocr_line' id='line_1_6' title="bbox 177 1025 369 1088; baseline 0.005 -1"><span class='ocrx_word' id='word_1_23' title='bbox 177 1025 369 1088; x_wconf 86' lang='lat' dir='ltr'><strong>turatioaem.</strong></span> 
     </span>
     <span class='ocr_line' id='line_1_7' title="bbox 68 1119 972 1210; baseline -0.009 -22"><span class='ocrx_word' id='word_1_24' title='bbox 68 1125 189 1210; x_wconf 87' lang='lat' dir='ltr'><strong>Liquor</strong></span> <span class='ocrx_word' id='word_1_25' title='bbox 215 1125 246 1186; x_wconf 91' lang='lat' dir='ltr'><strong>in</strong></span> <span class='ocrx_word' id='word_1_26' title='bbox 275 1146 346 1188; x_wconf 83' lang='lat' dir='ltr'><strong>vase</strong></span> <span class='ocrx_word' id='word_1_27' title='bbox 367 1124 556 1206; x_wconf 82' lang='lat' dir='ltr'><strong>porcellaneo</strong></span> <span class='ocrx_word' id='word_1_28' title='bbox 578 1119 790 1205; x_wconf 66' lang='lat' dir='ltr'><strong>evaporatione</strong></span> <span class='ocrx_word' id='word_1_29' title='bbox 812 1121 850 1182; x_wconf 85' lang='lat' dir='ltr'><strong>ad</strong></span> <span class='ocrx_word' id='word_1_30' title='bbox 877 1121 972 1181; x_wconf 89' lang='lat' dir='ltr'><strong>mino·</strong></span> 
     </span>
     <span class='ocr_line' id='line_1_8' title="bbox 68 1220 972 1308; baseline -0.011 -18"><span class='ocrx_word' id='word_1_31' title='bbox 68 1249 135 1290; x_wconf 88' lang='lat' dir='ltr'><strong>rem</strong></span> <span class='ocrx_word' id='word_1_32' title='bbox 162 1230 360 1308; x_wconf 76' lang='lat' dir='ltr'><strong>quantitatem</strong></span> <span class='ocrx_word' id='word_1_33' title='bbox 388 1225 541 1298; x_wconf 83' lang='lat' dir='ltr'><strong>redactus,</strong></span> <span class='ocrx_word' id='word_1_34' title='bbox 568 1245 625 1304; x_wconf 90' lang='lat' dir='ltr'><strong>ope</strong></span> <span class='ocrx_word' id='word_1_35' title='bbox 652 1220 781 1304; x_wconf 81' lang='lat' dir='ltr'><strong>puiveria</strong></span> <span class='ocrx_word' id='word_1_36' title='bbox 808 1221 972 1282; x_wconf 85' lang='lat' dir='ltr'><strong>carbonum</strong></span> 
     </span>
     <span class='ocr_line' id='line_1_9' title="bbox 69 1320 972 1404; baseline -0.009 -16"><span class='ocrx_word' id='word_1_37' title='bbox 69 1328 219 1399; x_wconf 83' lang='lat' dir='ltr'><strong>flitratut,</strong></span> <span class='ocrx_word' id='word_1_38' title='bbox 241 1323 510 1388; x_wconf 77' lang='lat' dir='ltr'><strong>lenissimocaiore</strong></span> <span class='ocrx_word' id='word_1_39' title='bbox 530 1323 715 1404; x_wconf 70' lang='lat' dir='ltr'><strong>inspissetur.</strong></span> <span class='ocrx_word' id='word_1_40' title='bbox 741 1323 773 1381; x_wconf 92' lang='lat' dir='ltr'><strong>ln</strong></span> <span class='ocrx_word' id='word_1_41' title='bbox 801 1343 869 1383; x_wconf 84' lang='lat' dir='ltr'><strong>vase</strong></span> <span class='ocrx_word' id='word_1_42' title='bbox 894 1320 972 1380; x_wconf 91' lang='lat' dir='ltr'><strong>bene</strong></span> 
     </span>
     <span class='ocr_line' id='line_1_10' title="bbox 69 1405 626 1501; baseline -0.005 -16"><span class='ocrx_word' id='word_1_43' title='bbox 69 1427 192 1501; x_wconf 75' lang='lat' dir='ltr'><strong>clauso,</strong></span> <span class='ocrx_word' id='word_1_44' title='bbox 211 1425 279 1486; x_wconf 90' lang='lat' dir='ltr'><strong>loco</strong></span> <span class='ocrx_word' id='word_1_45' title='bbox 300 1425 397 1487; x_wconf 86' lang='lat' dir='ltr'><strong>calido</strong></span> <span class='ocrx_word' id='word_1_46' title='bbox 419 1435 560 1486; x_wconf 85' lang='lat' dir='ltr'><strong>servetur.</strong></span> <span class='ocrx_word' id='word_1_47' title='bbox 620 1405 626 1416; x_wconf 52' lang='lat'><strong><em>¹</em></strong></span> 
     </span>
    </p>
   </div>
   <div class='ocr_carea' id='block_1_5' title="bbox 331 1620 715 1684">
    <p class='ocr_par' dir='ltr' id='par_1_5' title="bbox 331 1620 715 1684">
     <span class='ocr_line' id='line_1_11' title="bbox 331 1620 715 1684; baseline -0.005 -2"><span class='ocrx_word' id='word_1_48' title='bbox 331 1623 428 1684; x_wconf 73' lang='grc' dir='ltr'><strong>ΚΛΗ</strong></span> <span class='ocrx_word' id='word_1_49' title='bbox 450 1620 715 1684; x_wconf 75' lang='lat' dir='ltr'><strong>ctauottteunt</strong></span> 
     </span>
    </p>
   </div>
   <div class='ocr_carea' id='block_1_6' title="bbox 122 1757 924 1956">
    <p class='ocr_par' dir='ltr' id='par_1_6' title="bbox 122 1757 924 1956">
     <span class='ocr_line' id='line_1_12' title="bbox 122 1757 924 1843; baseline -0.011 -17"><span class='ocrx_word' id='word_1_50' title='bbox 122 1763 249 1843; x_wconf 73' lang='lat' dir='ltr'><strong>talenti</strong></span> <span class='ocrx_word' id='word_1_51' title='bbox 269 1763 428 1843; x_wconf 76' lang='lat' dir='ltr'><strong>vegetabile</strong></span> <span class='ocrx_word' id='word_1_52' title='bbox 448 1763 610 1836; x_wconf 58' lang='lat' dir='ltr'><strong>afratum,</strong></span> <span class='ocrx_word' id='word_1_53' title='bbox 633 1761 755 1822; x_wconf 77' lang='lat' dir='ltr'><strong>Cineres</strong></span> <span class='ocrx_word' id='word_1_54' title='bbox 775 1757 924 1820; x_wconf 81' lang='lat' dir='ltr'><strong>ciarriiati</strong></span> 
     </span>
     <span class='ocr_line' id='line_1_13' title="bbox 161 1860 869 1956; baseline -0.006 -32"><span class='ocrx_word' id='word_1_55' title='bbox 161 1864 324 1944; x_wconf 85' lang='lat' dir='ltr'><strong>depurati,</strong></span> <span class='ocrx_word' id='word_1_56' title='bbox 346 1863 402 1924; x_wconf 84' lang='lat' dir='ltr'><strong>Sal</strong></span> <span class='ocrx_word' id='word_1_57' title='bbox 426 1861 574 1941; x_wconf 76' lang='lat' dir='ltr'><strong>Tartari,</strong></span> <span class='ocrx_word' id='word_1_58' title='bbox 596 1860 869 1956; x_wconf 18' lang='lat' dir='ltr'><strong>Saixpiantarum)</strong></span> 
     </span>
    </p>
   </div>
   <div class='ocr_carea' id='block_1_7' title="bbox 68 2016 972 2802">
    <p class='ocr_par' dir='ltr' id='par_1_7' title="bbox 68 2016 972 2802">
     <span class='ocr_line' id='line_1_14' title="bbox 132 2016 972 2094; baseline -0.007 -10"><span class='ocrx_word' id='word_1_59' title='bbox 132 2023 255 2084; x_wconf 79' lang='lat' dir='ltr'><strong>Tartari</strong></span> <span class='ocrx_word' id='word_1_60' title='bbox 277 2021 360 2082; x_wconf 87' lang='lat' dir='ltr'><strong>crudi</strong></span> <span class='ocrx_word' id='word_1_61' title='bbox 380 2017 507 2082; x_wconf 79' lang='lat' dir='ltr'><strong>frustula</strong></span> <span class='ocrx_word' id='word_1_62' title='bbox 526 2019 558 2080; x_wconf 91' lang='lat' dir='ltr'><strong>in</strong></span> <span class='ocrx_word' id='word_1_63' title='bbox 572 2030 684 2082; x_wconf 88' lang='lat' dir='ltr'><strong>retorta</strong></span> <span class='ocrx_word' id='word_1_64' title='bbox 698 2031 814 2094; x_wconf 84' lang='lat' dir='ltr'><strong>terrea,</strong></span> <span class='ocrx_word' id='word_1_65' title='bbox 835 2016 972 2078; x_wconf 82' lang='lat' dir='ltr'><strong>crucibu-</strong></span> 
     </span>
     <span class='ocr_line' id='line_1_15' title="bbox 70 2117 972 2197; baseline -0.009 -11"><span class='ocrx_word' id='word_1_66' title='bbox 70 2125 116 2197; x_wconf 89' lang='lat' dir='ltr'><strong>io,</strong></span> <span class='ocrx_word' id='word_1_67' title='bbox 138 2133 192 2184; x_wconf 86' lang='lat' dir='ltr'><strong>aut</strong></span> <span class='ocrx_word' id='word_1_68' title='bbox 212 2121 316 2183; x_wconf 87' lang='lat' dir='ltr'><strong>charta</strong></span> <span class='ocrx_word' id='word_1_69' title='bbox 338 2121 510 2182; x_wconf 86' lang='lat' dir='ltr'><strong>humectata</strong></span> <span class='ocrx_word' id='word_1_70' title='bbox 525 2121 733 2182; x_wconf 88' lang='lat' dir='ltr'><strong>tantummodo</strong></span> <span class='ocrx_word' id='word_1_71' title='bbox 748 2119 908 2190; x_wconf 84' lang='lat' dir='ltr'><strong>obvoluta,</strong></span> <span class='ocrx_word' id='word_1_72' title='bbox 928 2117 972 2178; x_wconf 89' lang='lat' dir='ltr'><strong>iu·</strong></span> 
     </span>
     <span class='ocr_line' id='line_1_16' title="bbox 68 2219 971 2302; baseline -0.004 -18"><span class='ocrx_word' id='word_1_73' title='bbox 68 2236 117 2284; x_wconf 91' lang='lat' dir='ltr'><strong>ter</strong></span> <span class='ocrx_word' id='word_1_74' title='bbox 138 2221 284 2284; x_wconf 80' lang='lat' dir='ltr'><strong>carbones</strong></span> <span class='ocrx_word' id='word_1_75' title='bbox 307 2221 446 2282; x_wconf 85' lang='lat' dir='ltr'><strong>ardenter</strong></span> <span class='ocrx_word' id='word_1_76' title='bbox 465 2231 603 2300; x_wconf 86' lang='lat' dir='ltr'><strong>urantur,</strong></span> <span class='ocrx_word' id='word_1_77' title='bbox 625 2239 781 2302; x_wconf 73' lang='lat' dir='ltr'><strong>quousque</strong></span> <span class='ocrx_word' id='word_1_78' title='bbox 802 2219 900 2280; x_wconf 83' lang='lat' dir='ltr'><strong>furnus</strong></span> <span class='ocrx_word' id='word_1_79' title='bbox 922 2240 971 2300; x_wconf 89' lang='lat' dir='ltr'><strong>pe·</strong></span> 
     </span>
     <span class='ocr_line' id='line_1_17' title="bbox 68 2319 972 2401; baseline -0.006 -17"><span class='ocrx_word' id='word_1_80' title='bbox 68 2327 151 2386; x_wconf 85' lang='lat' dir='ltr'><strong>uitus</strong></span> <span class='ocrx_word' id='word_1_81' title='bbox 181 2320 299 2384; x_wconf 81' lang='lat' dir='ltr'><strong>desinit.</strong></span> <span class='ocrx_word' id='word_1_82' title='bbox 329 2321 451 2382; x_wconf 87' lang='lat' dir='ltr'><strong>Cineres</strong></span> <span class='ocrx_word' id='word_1_83' title='bbox 477 2332 663 2382; x_wconf 80' lang='lat' dir='ltr'><strong>remanentes</strong></span> <span class='ocrx_word' id='word_1_84' title='bbox 692 2319 810 2381; x_wconf 87' lang='lat' dir='ltr'><strong>contriti</strong></span> <span class='ocrx_word' id='word_1_85' title='bbox 836 2319 866 2381; x_wconf 88' lang='lat' dir='ltr'><strong>iu</strong></span> <span class='ocrx_word' id='word_1_86' title='bbox 893 2341 972 2401; x_wconf 86' lang='lat' dir='ltr'><strong>aqua</strong></span> 
     </span>
     <span class='ocr_line' id='line_1_18' title="bbox 70 2413 970 2502; baseline -0.003 -17"><span class='ocrx_word' id='word_1_87' title='bbox 70 2421 222 2484; x_wconf 87' lang='lat' dir='ltr'><strong>destillata</strong></span> <span class='ocrx_word' id='word_1_88' title='bbox 243 2421 406 2494; x_wconf 81' lang='lat' dir='ltr'><strong>solvantur,</strong></span> <span class='ocrx_word' id='word_1_89' title='bbox 429 2433 461 2480; x_wconf 88' lang='lat' dir='ltr'><strong>et</strong></span> <span class='ocrx_word' id='word_1_90' title='bbox 481 2413 579 2502; x_wconf 84' lang='lat' dir='ltr'><strong>liquor</strong></span> <span class='ocrx_word' id='word_1_91' title='bbox 599 2421 713 2480; x_wconf 80' lang='lat' dir='ltr'><strong>colatur</strong></span> <span class='ocrx_word' id='word_1_92' title='bbox 740 2421 778 2480; x_wconf 89' lang='lat' dir='ltr'><strong>ad</strong></span> <span class='ocrx_word' id='word_1_93' title='bbox 810 2421 970 2482; x_wconf 76' lang='lat' dir='ltr'><strong>siccitatem</strong></span> 
     </span>
     <span class='ocr_line' id='line_1_19' title="bbox 71 2519 970 2601; baseline -0.006 -18"><span class='ocrx_word' id='word_1_94' title='bbox 71 2529 264 2601; x_wconf 81' lang='lat' dir='ltr'><strong>evaporatur.</strong></span> <span class='ocrx_word' id='word_1_95' title='bbox 286 2521 421 2581; x_wconf 82' lang='lat' dir='ltr'><strong>Persecte</strong></span> <span class='ocrx_word' id='word_1_96' title='bbox 444 2519 538 2582; x_wconf 81' lang='lat' dir='ltr'><strong>Acido</strong></span> <span class='ocrx_word' id='word_1_97' title='bbox 551 2520 708 2590; x_wconf 77' lang='lat' dir='ltr'><strong>carbonico</strong></span> <span class='ocrx_word' id='word_1_98' title='bbox 723 2531 887 2588; x_wconf 84' lang='lat' dir='ltr'><strong>saturatum</strong></span> <span class='ocrx_word' id='word_1_99' title='bbox 903 2519 970 2599; x_wconf 80' lang='lat' dir='ltr'><strong>Kuli</strong></span> 
     </span>
     <span class='ocr_line' id='line_1_20' title="bbox 68 2617 971 2701; baseline -0.002 -21"><span class='ocrx_word' id='word_1_100' title='bbox 68 2622 243 2696; x_wconf 86' lang='lat' dir='ltr'><strong>obtinetur,</strong></span> <span class='ocrx_word' id='word_1_101' title='bbox 267 2618 291 2679; x_wconf 85' lang='lat' dir='ltr'><strong>ai</strong></span> <span class='ocrx_word' id='word_1_102' title='bbox 311 2622 418 2680; x_wconf 88' lang='lat' dir='ltr'><strong>iterum</strong></span> <span class='ocrx_word' id='word_1_103' title='bbox 438 2617 469 2678; x_wconf 91' lang='lat' dir='ltr'><strong>in</strong></span> <span class='ocrx_word' id='word_1_104' title='bbox 490 2621 569 2701; x_wconf 74' lang='lat' dir='ltr'><strong>aqui</strong></span> <span class='ocrx_word' id='word_1_105' title='bbox 590 2621 751 2680; x_wconf 83' lang='lat' dir='ltr'><strong>carbonata</strong></span> <span class='ocrx_word' id='word_1_106' title='bbox 773 2618 911 2695; x_wconf 75' lang='lat' dir='ltr'><strong>solvitur,</strong></span> <span class='ocrx_word' id='word_1_107' title='bbox 940 2630 971 2678; x_wconf 88' lang='lat' dir='ltr'><strong>et</strong></span> 
     </span>
     <span class='ocr_line' id='line_1_21' title="bbox 68 2718 665 2802; baseline 0.003 -22"><span class='ocrx_word' id='word_1_108' title='bbox 68 2719 265 2802; x_wconf 83' lang='lat' dir='ltr'><strong>evaporando</strong></span> <span class='ocrx_word' id='word_1_109' title='bbox 286 2719 327 2784; x_wconf 86' lang='lat' dir='ltr'><strong>in.</strong></span> <span class='ocrx_word' id='word_1_110' title='bbox 338 2719 489 2802; x_wconf 73' lang='lat' dir='ltr'><strong>crystallus</strong></span> <span class='ocrx_word' id='word_1_111' title='bbox 511 2718 665 2801; x_wconf 84' lang='lat' dir='ltr'><strong>redigitur.</strong></span> 
     </span>
    </p>
   </div>
   <div class='ocr_carea' id='block_1_8' title="bbox 227 2873 915 3136">
    <p class='ocr_par' dir='ltr' id='par_1_8' title="bbox 227 2873 915 3136">
     <span class='ocr_line' id='line_1_22' title="bbox 227 2873 915 2992; baseline 0 -16"><span class='ocrx_word' id='word_1_112' title='bbox 227 2914 350 2992; x_wconf 63' lang='lat' dir='ltr'><strong>‚aaut</strong></span> <span class='ocrx_word' id='word_1_113' title='bbox 375 2915 612 2977; x_wconf 73' lang='lat' dir='ltr'><strong>causaretur</strong></span> <span class='ocrx_word' id='word_1_114' title='bbox 633 2915 786 2986; x_wconf 80' lang='lat' dir='ltr'><strong>stccuu</strong></span> <span class='ocrx_word' id='word_1_115' title='bbox 913 2873 915 2884; x_wconf 65' lang='grc'><strong>’</strong></span> 
     </span>
     <span class='ocr_line' id='line_1_23' title="bbox 359 3053 721 3136; baseline 0.008 -20"><span class='ocrx_word' id='word_1_116' title='bbox 359 3057 474 3136; x_wconf 81' lang='lat' dir='ltr'><strong>(Lapis</strong></span> <span class='ocrx_word' id='word_1_117' title='bbox 497 3053 668 3136; x_wconf 57' lang='lat' dir='ltr'><strong>Carnicae)</strong></span> <span class='ocrx_word' id='word_1_118' title='bbox 717 3107 721 3119; x_wconf 73' lang='grc'><strong><em>,</em></strong></span> 
     </span>
    </p>
   </div>
   <div class='ocr_carea' id='block_1_9' title="bbox 69 3213 968 3678">
    <p class='ocr_par' dir='ltr' id='par_1_9' title="bbox 70 3213 797 3298">
     <span class='ocr_line' id='line_1_24' title="bbox 70 3213 797 3298; baseline -0.003 -22"><span class='ocrx_word' id='word_1_119' title='bbox 70 3217 108 3298; x_wconf 85' lang='lat' dir='ltr'><strong>Ii.¹</strong></span> <span class='ocrx_word' id='word_1_120' title='bbox 133 3213 246 3277; x_wconf 84' lang='lat' dir='ltr'><strong>Lixivii</strong></span> <span class='ocrx_word' id='word_1_121' title='bbox 267 3214 337 3274; x_wconf 87' lang='lat' dir='ltr'><strong>Kali</strong></span> <span class='ocrx_word' id='word_1_122' title='bbox 359 3213 498 3284; x_wconf 74' lang='lat' dir='ltr'><strong>caustici,</strong></span> <span class='ocrx_word' id='word_1_123' title='bbox 521 3229 668 3298; x_wconf 87' lang='lat' dir='ltr'><strong>quantum</strong></span> <span class='ocrx_word' id='word_1_124' title='bbox 689 3215 797 3298; x_wconf 89' lang='lat' dir='ltr'><strong>placet.</strong></span> 
     </span>
    </p>

    <p class='ocr_par' dir='ltr' id='par_1_10' title="bbox 70 3314 968 3400">
     <span class='ocr_line' id='line_1_25' title="bbox 70 3314 968 3400; baseline 0.004 -26"><span class='ocrx_word' id='word_1_125' title='bbox 70 3315 103 3375; x_wconf 86' lang='lat' dir='ltr'><strong>in</strong></span> <span class='ocrx_word' id='word_1_126' title='bbox 126 3335 198 3376; x_wconf 84' lang='lat' dir='ltr'><strong>vase</strong></span> <span class='ocrx_word' id='word_1_127' title='bbox 220 3315 317 3378; x_wconf 84' lang='lat' dir='ltr'><strong>ferreo</strong></span> <span class='ocrx_word' id='word_1_128' title='bbox 339 3314 530 3376; x_wconf 80' lang='lat' dir='ltr'><strong>mundissimo</strong></span> <span class='ocrx_word' id='word_1_129' title='bbox 551 3336 588 3376; x_wconf 91' lang='lat' dir='ltr'><strong>eo</strong></span> <span class='ocrx_word' id='word_1_130' title='bbox 602 3337 697 3397; x_wconf 88' lang='lat' dir='ltr'><strong>usque</strong></span> <span class='ocrx_word' id='word_1_131' title='bbox 713 3319 791 3377; x_wconf 85' lang='lat' dir='ltr'><strong>iente</strong></span> <span class='ocrx_word' id='word_1_132' title='bbox 805 3332 968 3400; x_wconf 87' lang='lat' dir='ltr'><strong>coquatur,</strong></span> 
     </span>
    </p>

    <p class='ocr_par' dir='ltr' id='par_1_11' title="bbox 70 3414 968 3498">
     <span class='ocr_line' id='line_1_26' title="bbox 70 3414 968 3498; baseline 0.006 -24"><span class='ocrx_word' id='word_1_133' title='bbox 70 3415 167 3475; x_wconf 91' lang='lat' dir='ltr'><strong>donec</strong></span> <span class='ocrx_word' id='word_1_134' title='bbox 189 3414 303 3496; x_wconf 82' lang='lat' dir='ltr'><strong>guttula</strong></span> <span class='ocrx_word' id='word_1_135' title='bbox 324 3417 353 3474; x_wconf 92' lang='lat' dir='ltr'><strong>in</strong></span> <span class='ocrx_word' id='word_1_136' title='bbox 374 3414 513 3482; x_wconf 79' lang='lat' dir='ltr'><strong>lentinum</strong></span> <span class='ocrx_word' id='word_1_137' title='bbox 534 3414 711 3480; x_wconf 72' lang='lat' dir='ltr'><strong>metallicum</strong></span> <span class='ocrx_word' id='word_1_138' title='bbox 726 3416 858 3498; x_wconf 79' lang='lat' dir='ltr'><strong>frigidam</strong></span> <span class='ocrx_word' id='word_1_139' title='bbox 874 3419 968 3479; x_wconf 79' lang='lat' dir='ltr'><strong>effusa</strong></span> 
     </span>
    </p>

    <p class='ocr_par' dir='ltr' id='par_1_12' title="bbox 69 3505 967 3678">
     <span class='ocr_line' id='line_1_27' title="bbox 69 3505 967 3593; baseline 0.006 -19"><span class='ocrx_word' id='word_1_140' title='bbox 69 3516 168 3574; x_wconf 77' lang='lat' dir='ltr'><strong>atatim</strong></span> <span class='ocrx_word' id='word_1_141' title='bbox 184 3505 379 3586; x_wconf 66' lang='lat' dir='ltr'><strong>‘induretcat3</strong></span> <span class='ocrx_word' id='word_1_142' title='bbox 401 3526 472 3574; x_wconf 85' lang='lat' dir='ltr'><strong>tune</strong></span> <span class='ocrx_word' id='word_1_143' title='bbox 486 3533 581 3576; x_wconf 79' lang='lat' dir='ltr'><strong>masta</strong></span> <span class='ocrx_word' id='word_1_144' title='bbox 595 3514 749 3576; x_wconf 88' lang='lat' dir='ltr'><strong>crucibulo</strong></span> <span class='ocrx_word' id='word_1_145' title='bbox 774 3514 967 3593; x_wconf 83' lang='lat' dir='ltr'><strong>immittatur,</strong></span> 
     </span>
     <span class='ocr_line' id='line_1_28' title="bbox 150 3611 849 3678; baseline 0.006 -5"><span class='ocrx_word' id='word_1_146' title='bbox 150 3613 278 3674; x_wconf 72' lang='lat' dir='ltr'><strong>Paean.</strong></span> <span class='ocrx_word' id='word_1_147' title='bbox 298 3611 422 3676; x_wconf 71' lang='lat' dir='ltr'><strong>Denter</strong></span> <span class='ocrx_word' id='word_1_148' title='bbox 811 3615 849 3678; x_wconf 80' lang='lat'><strong>16</strong></span> 
     </span>
    </p>
   </div>
   <div class='ocr_carea' id='block_1_10' title="bbox 1138 1239 1208 1318">
    <p class='ocr_par' dir='ltr' id='par_1_13' title="bbox 1138 1239 1208 1318">
     <span class='ocr_line' id='line_1_29' title="bbox 1138 1239 1208 1318; baseline -0.014 1"><span class='ocrx_word' id='word_1_149' title='bbox 1138 1239 1208 1318; x_wconf 42' lang='lat' dir='ltr'><strong>N}</strong></span> 
     </span>
    </p>
   </div>
   <div class='ocr_carea' id='block_1_11' title="bbox 0 0 1224 4148">
    <p class='ocr_par' dir='ltr' id='par_1_14' title="bbox 0 0 1224 4148">
     <span class='ocr_line' id='line_1_30' title="bbox 0 0 1224 4148; baseline 0 0"><span class='ocrx_word' id='word_1_150' title='bbox 0 0 1224 4148; x_wconf 95' lang='lat' dir='ltr'><strong> </strong></span> 
     </span>
    </p>
   </div>
  </div>
 </body>
</html>
