2438 4148
260 292 329 340 120
642 293 724 342 PARS
744 293 771 342 J.

260 407 388 467 RADIX
409 405 559 484 bulbosa,
581 406 733 488 tunicata,
756 427 878 479 recena,
900 417 1021 482 torosa,
1047 403 1166 486 ponde·

259 525 346 586 roca,
370 504 450 566 intus
466 506 616 582 albicans,
638 507 739 568 odoris
762 511 812 568 vix
837 505 945 581 ullius;
968 526 1059 566 succo
1082 503 1166 578 acri,

257 604 409 688 giutincso
419 651 431 684 ,
451 627 608 689 peramaro
629 606 734 682 diver,
753 627 813 667 non
835 605 976 678 decolor,
995 626 1100 686 neque
1123 617 1168 665 at·

260 708 348 782 trita,
379 728 476 787 neque
508 691 660 767 defricata.
691 709 725 767 Ιιι
744 729 799 767 ura
827 710 915 768 maris
948 707 1167 767 Mediterranei

257 821 364 888 sponte
385 812 531 888 provenit.

171 947 174 956 ‘
301 966 499 1027 suruuuu.
520 969 607 1029 uin.
630 967 739 1030 zinn.

301 1105 447 1168 stanuum
466 1123 514 1184 eat
527 1107 662 1170 omniurn
677 1109 866 1170 metallorum
880 1109 1089 1190 levissimum,
1114 1133 1169 1193 pa·

259 1229 327 1268 rum
349 1219 458 1284 tenax,
479 1209 562 1268 facile
584 1208 770 1284 malleabile,
790 1210 839 1272 vix
853 1211 1024 1289 clasticum,
1047 1211 1167 1291 molle,

259 1306 382 1384 flexile,
410 1311 439 1368 in
468 1308 559 1371 acidia
588 1332 624 1368 ac
644 1308 787 1372 aicalibus
807 1311 942 1386 solubile.
972 1311 1062 1371 Odor
1085 1311 1171 1374 inter

257 1426 364 1468 manus
379 1406 475 1487 fricti,
489 1406 664 1490 peculiaris,
679 1429 768 1488 uapor
782 1409 953 1469 metallicus.
977 1411 1055 1470 Cum
1068 1411 1170 1472 Acido

259 1505 365 1568 uitrico
381 1507 523 1588 Oxydum
539 1506 637 1568 album
652 1509 739 1569 vaire
749 1509 952 1570 refractarium
963 1509 1169 1574 conscium

302 1667 476 1730 STIBIUM.
497 1666 568 1732 vid.
590 1668 808 1728 Antimonr'um.

295 1809 461 1870 suruiuu
482 1807 788 1872 suuruuuuruu
808 1770 979 1872 uicuuu.
1003 1809 1075 1874 vu.
1099 1820 1169 1874 Aa·

256 1909 427 1975 timonium.

303 2069 471 2132 stoutx
492 2066 712 2133 CALAMITA.
734 2069 893 2132 Storax.
915 2071 1079 2134 storax.

298 2214 439 2294 Styracis
458 2213 641 2291 officinalis,
662 2209 749 2272 Liun.
771 2211 816 2272 ΕΙ.
837 2213 875 2272 X.
892 2213 957 2274 ord.
971 2215 1166 2298 Monogyu„

266 2313 401 2375 GUMMI
433 2312 594 2386 nEsluu,
622 2313 743 2393 eSyric
773 2326 805 2371 et
824 2311 925 2373 vicinia
955 2312 1028 2374 lucie
1049 2315 1170 2392 allata,

258 2413 343 2494 cujus
364 2411 478 2494 optima
508 2413 641 2494 species,
661 2409 806 2472 arundine
834 2425 959 2494 excepta
970 2458 981 2492 ,
1013 2413 1167 2476 Cauuiata

259 2513 307 2576 vei
327 2511 473 2574 Calamita
495 2511 593 2590 dicta,
615 2509 760 2574 rarissime
781 2522 893 2591 prostat
914 2526 945 2572 et
974 2512 1063 2575 vaide
1095 2535 1167 2598 pre·

254 2612 336 2684 ¹tiuau
357 2625 410 2674 est.
433 2610 546 2672 Noutria
567 2610 598 2670 iu
619 2610 741 2672 officinis
760 2609 851 2689 vulgo
870 2609 922 2669 ilia
942 2624 1062 2672 tentum
1092 2636 1166 2696 spe-

259 2712 321 2776 cies
343 2710 495 2791 occurrit,
516 2731 593 2792 quae
614 2731 632 2770 e
653 2708 798 2790 lignorum
818 2713 960 2770 ramentis
982 2722 1014 2770 et
1034 2711 1163 2794 ferragi-

258 2835 315 2888 ne,
336 2814 467 2895 styracis
482 2832 540 2892 ope
553 2809 759 2892 conglutinatis
773 2825 910 2888 cunstat,
929 2823 960 2871 et
983 2814 1077 2874 Scobs
1095 2819 1165 2876 διο.

258 2917 368 2978 racina
382 2911 511 2990 dicitur,
531 2914 581 2972 cui
600 2930 676 2991 vero,
685 2910 811 2994 styracis
825 2931 955 2992 paucum
969 2917 1066 2988 inest,
1088 2937 1163 2978 cum

257 3019 316 3098 jam
332 3009 494 3076 maximam
508 3022 621 3094 partem
636 3029 796 3092 expressa,
817 3032 873 3093 pro
887 3011 1075 3076 conficienda
1087 3017 1163 3080 Sto·

258 3135 328 3178 race
348 3114 522 3195 granulata,
545 3112 582 3172 ad
604 3132 658 3173 uos
678 3114 841 3193 perueniat.
870 3113 932 3174 Pro
953 3135 1011 3174 usu
1040 3118 1164 3178 medico

257 3214 452 3300 praeferenda
474 3214 583 3274 Storax
601 3215 630 3272 in
652 3214 769 3294 grauis,
787 3211 848 3272 icil.
869 3211 1008 3294 lacrymis
1023 3213 1163 3278 albican-

257 3315 347 3393 tibus,
369 3316 465 3388 luteia,
485 3311 671 3389 rubentibus,
693 3312 868 3392 variegatis,
891 3312 1162 3394 suaveolentibus,

163 3402 171 3416 ¹
258 3419 410 3500 compagis
423 3416 553 3489 densae,
572 3411 604 3474 iu
626 3434 677 3474 cre
691 3410 845 3474 tenacibus
859 3414 1090 3494 pinguiusculiu
1112 3437 1161 3478 u.

259 3514 342 3598 perir
360 3513 437 3598 grati
457 3515 615 3598 pungentis
636 3515 665 3572 in
685 3531 807 3593 grumos
829 3510 877 3574 rel
897 3532 1008 3576 mersas
1037 3535 1055 3576 e
1076 3514 1160 3580 flavo
