2418 4148
278 338 327 429 ll
530 285 534 292 ’
654 362 735 412 ωε
761 363 783 410 1.

318 475 460 535 Crotonis
483 474 690 549 Camerinus,
711 478 797 536 Lino.
819 474 865 536 Cl.
884 475 970 536 xxi.
997 472 1061 534 ord
1093 470 1169 536 Mo·

275 572 434 654 nadelph.‚
464 573 511 633 vel
532 572 647 634 Clutias
668 575 842 653 Eluteriae,
874 573 958 634 Lina.
991 573 1037 632 cl.
1064 572 1169 632 xxti.

276 673 340 734 ord.
363 673 537 754 Gynandr„
558 673 730 734 CORTEX
750 695 785 734 er
804 674 939 734 Amerina
959 672 1089 733 aeolidis
1101 674 1171 751 ejas

276 769 446 850 regionibus
466 771 578 832 allatus.
601 770 717 831 Coloris
732 784 817 830 extus
837 769 964 844 cinerei,
985 773 1062 830 intus
1076 790 1092 829 e
1106 769 1172 828 ler-

222 884 225 891 '
275 871 396 949 rugineo
417 870 505 942 fusci,
526 890 615 949 quem
635 867 725 929 etiam
746 867 945 928 comminutus
967 879 1084 927 servat:
1104 865 1172 926 fra-

276 965 350 1048 gilis.
374 965 483 1029 Odoris
497 965 627 1048 inprimis
650 965 784 1045 accensi,
804 965 967 1047 gratissime
991 963 1171 1048 fragrantis3

275 1069 385 1148 saporis
406 1066 498 1126 amari
520 1066 646 1126 multum
666 1064 832 1128 aromatici.
851 1065 986 1126 Praestat
1012 1065 1169 1147 pondero-

274 1187 344 1238 sus,
364 1167 510 1226 defractus
540 1165 688 1247 particulis
708 1163 844 1226 resinosis
872 1165 1051 1246 splendens,
1080 1176 1113 1224 et
1144 1168 1169 1224 si

275 1281 415 1323 accensus
422 1263 512 1324 luerit
521 1262 637 1324 sumum
651 1262 836 1324 moechatum
853 1261 1050 1324 temulentum
1063 1262 1170 1324 edens

316 1420 452 1481 cassia
472 1420 659 1481 FISTULA.
681 1419 817 1482 cussie.
837 1419 977 1480 Kassia.

320 1555 443 1616 Cassiae
464 1558 620 1632 Fistulae,
646 1559 732 1616 Linn.
764 1557 809 1615 Cl.
830 1557 869 1615 X.
898 1556 963 1615 ord.
986 1556 1168 1638 Monogyn„

279 1653 440 1731 SlLlQUA
463 1654 575 1716 arboris
596 1655 722 1715 Arabiae
743 1669 773 1714 et
793 1655 947 1735 utriusque
970 1655 1090 1729 lndiae3
1118 1657 1168 1714 ni·

276 1758 409 1835 gricans,
429 1766 524 1827 teres,
545 1755 741 1836 cylindracea‚
762 1753 914 1833 cubitalis,
936 1753 991 1814 sub
1012 1753 1169 1836 putamine

189 1881 193 1887 ·
278 1853 389 1934 Egnoso
410 1857 492 1932 nigro
511 1851 626 1915 iuterna
647 1851 859 1932 dissepimentis
881 1855 1050 1913 transversis
1070 1855 1168 1912 inter·

277 1954 404 2031 stincto,
426 1953 577 2012 continens
598 1950 711 2010 semina
728 1970 910 2030 compressa,
930 1951 1024 2024 fulva,
1044 1961 1074 2008 ct
1095 1951 1168 2032 pul·

276 2071 346 2132 pam
361 2049 551 2126 subdolosus,
571 2046 732 2129 nigredinis
746 2047 936 2130 splendentis.
951 2049 1100 2130 Seligatur
1115 2071 1167 2112 re·

276 2166 347 2206 cens
367 2144 554 2226 ponderosa,
573 2166 590 2204 a
610 2143 776 2206 scarabaeis
798 2165 858 2204 nou
888 2165 994 2224 exesa,
1022 2166 1167 2208 concussa

276 2264 382 2306 sonum
404 2265 422 2301 a
441 2242 600 2304 seminibus
621 2263 681 2302 non
702 2244 812 2316 edens,
831 2242 960 2304 medulla
989 2243 1068 2304 dulci
1098 2265 1167 2304 sca·

277 2355 362 2416 tens,
381 2363 442 2402 non
462 2342 547 2403 valde
568 2339 652 2402 acida
676 2356 728 2402 aut
741 2341 958 2420 meliuscula,
980 2362 1076 2423 aeque
1091 2343 1167 2404 odo·

275 2463 340 2502 rem
361 2461 498 2522 spargens
529 2439 691 2500 mucidum.
716 2440 836 2516 Indica,
867 2461 944 2520 quae
964 2459 1033 2501 vere
1058 2440 1166 2502 efficax

277 2551 343 2617 est,
364 2542 507 2600 rarissime
529 2538 566 2599 ad
587 2559 640 2598 uos
661 2537 804 2618 pervenit.
824 2537 946 2598 Accedit
965 2538 1084 2598 adeam
1099 2539 1167 2599 Ale-

277 2635 439 2711 xandn'ua‚
460 2635 546 2698 vilior
565 2650 611 2697 est
631 2634 820 2714 Amet-icana,
841 2639 869 2694 in
889 2638 1040 2698 Americas
1059 2634 1163 2698 insulis

277 2735 440 2795 luxurians.
461 2735 546 2794 Prior
565 2735 674 2795 cortice
695 2732 790 2807 laevi,
810 2732 964 2808 tenuiora,
984 2735 1165 2796 obscurioris

277 2832 384 2893 coloris
406 2843 504 2909 tecta,
536 2831 655 2912 pulpam
688 2832 818 2892 continet
847 2832 1030 2912 dulciorem,
1051 2833 1165 2914 'parum

277 2951 462 2991 nauseosam.
485 2929 636 2990 Posterior
655 2941 778 2990 externe
799 2950 922 3010 rugosa,
942 2951 1065 3012 aspera,
1086 2953 1167 2992 cras-

277 3033 352 3109 sior,
374 3030 492 3110 pulpam
521 3028 603 3090 fovet
630 3027 745 3090 acidam
775 3033 884 3109 magis,
917 3041 948 3090 et
976 3051 1165 3092 nauseosanr.

277 3126 409 3204 Quidum
430 3147 446 3186 s
466 3124 613 3188 deteriore
634 3126 751 3188 Cassiae
765 3131 862 3209 specie
876 3127 996 3209 pulpam
1010 3129 1099 3190 melle
1114 3153 1165 3212 sy-

276 3226 418 3307 rupisque
438 3223 588 3286 conditam
608 3225 782 3300 extrahunt,
803 3227 857 3287 sub
878 3225 958 3288 floris
972 3227 1094 3290 Cassiae
1109 3251 1165 3292 no·

276 3323 376 3402 mine,
397 3343 473 3403 quae
494 3340 567 3383 vero
587 3342 669 3381 mora
691 3321 831 3404 temporis
851 3307 1005 3384 mucorem
1031 3336 1061 3387 et
1083 3348 1166 3389 scre·

278 3421 377 3482 dinem
399 3421 518 3482 noxiam
538 3419 696 3480 contrabit.
