2420 4148
618 321 699 371 PARS
727 325 761 376 n.

647 410 656 438 t

435 532 651 594 Tttt'rnltus
672 531 948 594 Natttorttws

400 669 473 746 (Sat
493 657 716 744 Polychrestum
741 669 780 728 de
801 668 967 748 Seignette)

124 879 128 884 .
247 832 282 889 lt.
309 825 391 888 Natri
411 825 557 886 sarbonici
579 824 763 908 crystallisati
783 823 891 887 libram
912 845 1019 898 unam,

308 922 410 1006 Aquae
430 925 569 984 fontanae
590 923 680 984 libras
701 938 781 984 octo.

249 1024 364 1086 Solutio
378 1023 487 1084 fiitratn
499 1025 529 1082 in
543 1043 612 1084 uase
625 1021 751 1103 figulino
764 1020 895 1082 ebulliat.
917 1023 998 1082 inter
1010 1019 1148 1082 bullien-

247 1122 318 1182 dum
340 1119 528 1201 inspergatur

309 1218 428 1280 Tartari
456 1215 609 1299 depurati,
638 1231 784 1299 quantum
815 1215 924 1278 sufficit
952 1216 993 1277 ad
1024 1227 1147 1278 saturn·

348 1319 467 1376 tionem.

250 1415 368 1476 Solutio
380 1416 478 1478 denuo
492 1415 616 1506 flitrata,
641 1416 679 1476 ad
694 1407 795 1477 tertia's
818 1430 997 1497 evaporata,
1019 1417 1147 1498 crystal-

248 1514 374 1577 lisationi
396 1515 607 1577 committatur.

307 1673 521 1735 Tauranus
543 1635 753 1734 sonunrnrs
774 1673 1084 1738 inportunius

448 1809 532 1871 'Vid.
556 1811 703 1871 Tartarus
723 1811 931 1872 ammoniacus.

386 1959 388 1963 ’
463 1965 679 2048 ramanus
710 1987 927 2050 srronrus

511 2145 685 2225 (Tartarus
710 2148 869 2224 emeticus)

251 2307 286 2364 R.
310 2302 395 2376 Stibii
427 2302 583 2384 oxydulati
611 2303 775 2384 sulphurati
799 2302 886 2366 vitrei
926 2305 986 2365 triti
1023 2302 1148 2366 nnciam

351 2423 441 2460 unam
463 2421 530 2461 cum
551 2401 693 2480 dimidia,
937 2465 939 2472 ,

312 2497 445 2560 Puiveris
466 2500 587 2559 Tartari
603 2499 740 2580 depurati
761 2499 864 2562 uncias
884 2500 969 2562 duas.

251 2599 286 2656 ln
307 2617 375 2658 vase
395 2597 580 2678 porceiianeo
601 2595 736 2657 immissis
757 2597 885 2658 admisce

236 2706 238 2712 ’
310 2698 414 2777 Aquae
434 2693 600 2756 destinatae
624 2708 770 2775 quantum
792 2699 971 2777 requiritur,

251 2806 285 2852 ut
305 2791 358 2853 fiat
379 2814 470 2852 massa
494 2791 566 2872 pulti
582 2791 692 2854 similit.
716 2794 884 2875 Seponatur
897 2794 1033 2857 sutoro
1046 2797 1146 2858 calido

251 2912 306 2974 per
324 2903 384 2952 tres
410 2890 625 2963 hebdomadas,
655 2909 752 2950 massa
782 2895 897 2973 saepius
926 2891 1055 2974 agitetur
1075 2919 1145 2980 spa·

250 2989 334 3048 thuin
354 2987 467 3069 lignea,
490 2999 521 3048 et
541 2987 668 3047 addatur
688 2985 795 3049 sensim
815 3007 909 3069 aqua,
939 2991 1005 3052 ioco
1033 3013 1146 3076 evapo-

249 3089 363 3147 ratione
382 3097 586 3167 consumptae.
606 3084 684 3144 Dein
706 3088 791 3166 Aqua
811 3083 921 3147 fervida
942 3088 1037 3150 diluta
1049 3091 1145 3154 fitne·

252 3199 320 3258 tur,
333 3199 365 3245 et
378 3183 526 3244 residuum
541 3182 688 3253 abluatur.
710 3183 824 3265 Liquor
838 3197 1016 3269 evaporatur
1030 3205 1063 3251 et
1076 3191 1144 3254 ioco

248 3283 357 3364 frigido
377 3282 416 3342 ad
442 3279 697 3365 crystallisandum
723 3296 891 3362 seponatur.
922 3285 1062 3367 Crystalli
1093 3311 1143 3372 per

250 3380 329 3441 vices
350 3381 488 3443 obtentae
509 3385 537 3441 in
566 3379 717 3462 pulverem
739 3377 839 3460 tritae,
859 3378 936 3443 vitro
955 3382 1059 3447 clauso
1080 3408 1142 3448 ser·

252 3490 369 3540 ventur.
