2354 4138
257 289 400 338 nuruum
424 287 710 342 rutttrntcnvrtct
878 262 926 366 57
971 257 972 265 ἵ

81 405 154 484 aliqua
170 403 213 463 diu
232 402 345 486 linguae
365 402 559 476 inhaerente,
577 401 711 486 inprimis
733 422 804 464 vero
820 421 928 484 uapore

81 525 118 564 uo
131 501 256 585 specifico
276 503 393 565 mucido
414 525 446 565 se
468 505 644 585 distinguat3
666 525 727 564 non
752 502 791 564 rit
820 523 929 586 partun

85 601 181 682 cpibrs,
200 623 295 683 neque
315 602 427 685 saporis
448 601 569 678 viscidi3
592 623 689 685 neque
710 603 841 684 impense
863 617 927 686 sty-

78 698 145 779 ptirus
162 712 189 761 et
216 721 358 762 nauaeose
386 721 523 775 amarus,
556 703 598 762 uti
619 699 752 763 occurrit
782 704 813 761 io
832 699 931 784 specie

76 798 164 878 rliora,
183 802 301 862 aliarum
315 801 459 862 arborum
472 800 632 862 corticibus
651 804 793 875 remixto,
815 812 845 861 et
860 800 932 862 sub·

73 897 122 960 inde
136 900 214 962 Aluiir
233 902 381 962 solutione
400 901 525 964 imbuta.
548 901 637 962 Odor
656 900 695 962 rit
715 899 836 982 paulurn
864 922 934 962 aro·

71 997 184 1076 motitur,
202 1000 338 1084 specifice
360 1003 513 1076 mucidus,
534 1023 626 1084 quem
640 1001 801 1065 notabilem
814 1000 935 1064 exhibet
969 987 973 992 ¹

71 1097 140 1160 affusa
155 1099 261 1183 pulveri
283 1124 366 1184 aqua
394 1102 531 1164 bulliens.
552 1105 620 1166 Nou
648 1122 722 1166 vero
743 1101 843 1167 nullut
875 1101 935 1180 rit,

69 1219 142 1281 neque
159 1203 288 1282 putridus
310 1225 474 1266 nauseosus
496 1204 591 1282 odor,
612 1225 703 1285 quem
725 1205 835 1286 spargit
854 1199 935 1267 band

69 1302 108 1358 rite
124 1300 236 1366 siccatus
248 1349 258 1380 ,
287 1317 344 1366 aut
374 1309 403 1364 in
424 1303 493 1366 navi
515 1302 698 1367 madefactus
719 1317 750 1366 et
778 1313 936 1386 corruptus

72 1412 153 1463 cortex.
173 1403 284 1466 Tenuis
307 1410 365 1480 sit,
386 1418 464 1466 certe
479 1402 683 1467 ‘crassitudinis
703 1403 839 1478 mediae,
866 1423 937 1484 gra·

77 1500 197 1564 tbtcmen
217 1527 273 1587 pro
296 1505 455 1567 voluminis
485 1505 610 1566 tatione.
634 1505 746 1585 ⁸Neque
779 1503 868 1564 laevis
899 1502 939 1564 sit

76 1595 133 1660 lauet
149 1616 268 1666 externa
282 1617 315 1666 et
330 1603 415 1686 quasi
430 1603 545 1686 polita,
568 1604 758 1678 sensenna,
780 1601 937 1674 subfusca,

75 1699 215 1766 cttueaa
236 1706 311 1768 albo
333 1703 452 1764 cinereo
473 1705 542 1764 hinc
563 1704 631 1764 inde
652 1701 803 1774 obducta3
822 1723 883 1762 uon
897 1705 939 1762 ni·

81 1817 127 1875 gn,
139 1805 179 1885 qui
199 1808 339 1888 corrupti
360 1803 477 1866 corticis
491 1805 593 1882 color,
614 1824 712 1884 neque
727 1801 835 1884 pallido
851 1801 938 1880 ssave,

77 1897 236 1976 culturae
258 1918 292 1968 et
317 1903 469 1988 Crispillae
490 1925 552 1966 erse
573 1903 669 1977 sotem
690 1924 787 1984 neque
799 1902 878 1966 laete
892 1923 941 1962 ru·

74 1995 146 2075 tilam,
164 2006 336 2089 cujusmodi
357 2007 395 2066 de
417 2005 480 2066 aliia
503 2003 657 2066 arboribus
679 2001 857 2084 deglubitur.
889 2004 941 2069 ltt·

72 2111 142 2164 ternus
150 2111 230 2170 color
243 2108 286 2170 sit
301 2107 468 2188 pauxillum
484 2105 662 2176 Cinnammo
673 2103 850 2184 obscurior,
875 2127 939 2170 rna·

67 2199 144 2282 gitque
163 2206 320 2268 obsoletus
336 2217 388 2266 aut
401 2204 591 2286 ferrugineus.
614 2203 717 2284 Digito
734 2189 863 2268 teutolus
879 2227 940 2268 non
1021 2218 1025 2230 ¹

67 2309 133 2362 tenax
150 2306 187 2366 sit
207 2319 262 2368 aut
282 2307 447 2386 languens,
468 2325 565 2386 neque
585 2302 727 2365 infibras
748 2300 877 2386 lignosas
891 2305 941 2368 de·

66 2417 176 2485 ruptus,
207 2418 262 2468 aut
294 2405 326 2467 in
347 2403 472 2468 farinam
503 2404 647 2466 cariosam
679 2405 859 2478 dehiscens3
889 2407 940 2466 sed

64 2518 213 2584 compactus
236 2512 295 2584 rit,
316 2505 481 2586 aequaliter
500 2503 630 2586 fragilis,
650 2517 681 2565 et
703 2507 740 2565 orl
761 2507 853 2573 solem
877 2527 942 2566 mo·

64 2599 144 2666 lerulis
175 2605 358 2669 micantibus
393 2604 589 2686 resplendeat.
624 2607 791 2666 Decoctum
825 2607 943 2668 corticis

62 2719 187 2782 aquosum
221 2709 322 2770 adbuc
356 2704 506 2779 calidum,
538 2707 612 2767 vitro
643 2704 769 2766 inditum
798 2707 944 2782 rufescat,

61 2800 229 2882 lrigelactum
261 2827 368 2868 verum
398 2805 549 2888 pallescat.
582 2805 710 2887 Lignum
732 2806 836 2866 cortici
868 2807 944 2870 forte

61 2903 209 2971 adhaerens
232 2907 364 2970 studiose
390 2907 587 2988 separandum
608 2921 664 2967 est.
685 2907 746 2984 Qui
766 2905 797 2966 in
825 2909 943 2988 pulvere

62 3003 161 3070 aliunde
182 3008 362 3082 advehitur,
384 3022 504 3089 propter
517 3005 665 3069 admixtas
680 3006 837 3088 particulas
853 3007 944 3090 liguo·

62 3125 97 3166 tta
115 3107 240 3174 fibrosas
261 3104 389 3193 pilorum
410 3107 521 3187 instar,
543 3123 696 3192 suspectus
718 3109 875 3190 rejiciatur.
