2418 4148
255 277 303 348 88
628 299 713 350 Ῥω
732 300 763 344 v.

294 468 462 532 ΜΕΝΤΗΑ
485 469 686 534 PlPElllTll.
707 470 962 550 Pebermynte.
992 467 1148 530 Pleller·

185 594 189 606 ¹
254 569 392 631 miinze.

293 711 436 772 Mentbae
460 711 632 791 Piperitae,
660 711 746 772 Lino.
777 708 823 770 cl.
846 705 931 770 XlV.
954 708 1018 769 ord.
1051 709 1149 792 Gym-

252 833 358 894 nosp.,
379 811 531 889 fluum,
553 813 581 871 in
602 813 694 872 bortis
708 811 795 870 culto.
817 808 951 871 Odorem
966 808 1041 870 nicea
1057 822 1088 870 et
1102 831 1150 872 re·

253 913 541 996 commigrantem,
563 911 771 996 spirituosum‚
793 911 1076 992 subcampboratum
1091 911 1149 972 lra-

251 1015 323 1088 bet3
344 1034 480 1096 saporem
509 1033 611 1074 recens
641 1013 852 1084 aromaticum,
872 1007 1037 1085 fervidum,
1068 1031 1148 1073 mm·

252 1115 450 1196 phoraeeum,
461 1113 592 1194 linguam
606 1110 836 1189 calefacientem,
845 1110 1043 1192 subsequente
1056 1133 1147 1174 eenvu

250 1212 472 1295 frigidiuscul03
495 1211 573 1272 sicea
593 1211 755 1274 foitiorem

290 1371 545 1444 mancunium
562 1357 788 1432 anonumum
802 1369 950 1444 vivum
966 1368 1149 1460 urnula-

124 1469 126 1474 ’
252 1470 410 1531 GYRUM.
433 1469 623 1548 Quilsiilv.
645 1468 892 1548 Quiclrsilber.

291 1610 525 1690 Hydmrgyrum
540 1612 703 1689 virgineum
720 1622 764 1670 eet
779 1608 932 1668 metullum
947 1607 1096 1688 fluidum,
1118 1611 1149 1668 io

250 1729 367 1770 nummo
387 1707 501 1790 frigoris
527 1710 621 1789 gredo
650 1705 847 1786 solidescens,
875 1704 1062 1786 melleebile,
1093 1729 1148 1768 co·

250 1807 323 1867 loris
355 1807 496 1887 splendidi
527 1806 677 1888 argentei,
712 1805 801 1870 valde
822 1807 1022 1888 ponderosum
1055 1817 1087 1868 et
1118 1807 1148 1866 in

248 1909 316 1984 igne
338 1904 477 1967 mediocri
499 1917 596 1964 totum
617 1925 791 1986 evaporans.
813 1904 924 1964 Purum
947 1919 978 1965 et
998 1903 1148 1964 adultera-

250 2002 337 2062 tionis
359 2023 418 2063 non
439 2015 629 2086 suspectum,
649 2003 785 2063 facillime
808 2003 934 2085 globulis
964 2013 1070 2064 exacte
1101 2027 1147 2064 ro-

250 2102 359 2176 tundis,
386 2103 531 2166 levissime
544 2102 652 2162 iterum
662 2102 845 2166 'coiluntibus
859 2124 977 2163 currens
987 2103 1016 2163 in
1029 2103 1146 2180 charta,
1196 2114 1197 2122 ’

128 2276 131 2284 ¹
250 2206 278 2262 in
309 2223 399 2264 cumu
427 2201 498 2264 nihil
527 2202 695 2283 relinquens
727 2201 853 2286 impuri,
884 2217 999 2263 acetum
1022 2202 1147 2262 minime

249 2302 443 2390 dulcificavit,
476 2300 522 2364 vel
545 2301 700 2386 plumbeas
731 2301 889 2382 particulas
920 2322 973 2384 per
995 2307 1146 2383 reegentie

249 2403 430 2484 detegendas
451 2405 569 2462 minime
591 2403 735 2482 prodens,
755 2423 809 2483 per
829 2405 943 2464 corium
971 2424 1146 2484 expressum

247 2503 308 2563 sere
330 2500 401 2562 nibil
420 2500 530 2584 impuri
553 2499 616 2562 sive
637 2501 838 2583 pulverulenti
851 2486 1019 2584 relinquens
1033 2501 1144 2583 digno·

248 2597 347 2663 scitur.
368 2600 522 2663 Invenitur
543 2603 603 2662 aive
625 2601 775 2681 nativum,
806 2604 969 2663 Mercurius
996 2600 1146 2684 virgineus

33 2773 35 2780 ¹
163 2709 167 2714 '
249 2703 364 2781 dictus,
384 2706 445 2765 sive
465 2693 605 2788 sulphure
619 2701 649 2762 in
662 2690 850 2764 cinnabarim
867 2723 984 2774 versus,
1005 2701 1035 2762 in
1053 2714 1146 2783 quom

248 2802 300 2863 ubi
321 2805 461 2874 vertitur,
481 2822 537 2882 pro
551 2800 636 2866 variis
652 2799 758 2882 quibus
774 2803 907 2864 inhaeret
927 2805 1027 2875 terrie,
1049 2805 1145 2862 varias

248 2887 542 2962 minatae'ellormat.
561 2901 608 2960 Sit
628 2919 753 2981 parum,
775 2900 856 2962 nullo
877 2901 934 2961 alio
955 2899 1080 2962 metallo
1100 2901 1146 2960 in·

248 2997 423 3082 quinarum,
455 2999 538 3082 quod
568 2997 782 3080 deflagratione
809 2997 840 3058 in
862 2997 1017 3058 Coebleari
1045 3001 1146 3062 l'erren

248 3121 336 3183 supra
356 3098 499 3160 eerbones
520 3096 652 3180 degitur,
672 3099 725 3158 ubi
744 3100 843 3160 evolat
861 3097 1046 3184 memmius,
1074 3101 1146 3160 reli·

247 3213 296 3264 cto
316 3200 438 3262 metallo
457 3199 595 3260 admisto.
618 3197 706 3280 Cujns
720 3197 963 3279 superficieenon
978 3202 1071 3273 nitet,
1092 3201 1145 3262 veil

246 3300 328 3360 luae·
343 3309 373 3357 et
388 3295 471 3380 quavi
492 3295 696 3360 membranula
718 3297 848 3358 obducta
867 3311 1010 3378 apparet,
1030 3297 1146 3358 tordius

249 3413 280 3459 et
300 3395 425 3480 globulis
446 3398 527 3478 qumi
548 3396 680 3456 caudatis
700 3415 841 3474 currens,
863 3399 944 3476 nigra
966 3395 1012 3456 vel
1025 3393 1145 3458 cinereo

249 3501 371 3582 vestigia
385 3497 568 3584 relinquent,
590 3496 772 3559 adulteratus
784 3511 836 3558 est.
853 3496 948 3580 Sapor
961 3495 1056 3558 dulcia
1067 3495 1144 3562 aceti
