2420 4148
158 413 160 421 y
250 322 320 420 196
624 342 705 392 rias
732 341 770 390 rr.

530 592 532 596 Ι
553 514 838 579 PHOSPHORUS.

246 657 282 716 Il.
307 652 390 715 Acidi
411 650 604 736 phosphorici
623 651 713 715 libras
736 665 818 730 tres,

246 758 276 816 in
296 751 451 816 crucibulo
470 751 539 816 lusis
561 752 638 812 adde
659 750 801 814 continue
822 749 974 812 movendo

307 851 440 919 Pulveris
459 854 622 915 carbonum
642 851 748 914 libram
768 872 869 913 uuam.

246 956 376 1018 Massam
398 953 496 1014 adhuc
515 951 641 1013 calidam
662 955 692 1013 in
712 951 856 1014 mortario
878 949 996 1034 lapideo
1012 963 1092 1024 tere,
1110 972 1147 1012 ac

246 1056 314 1118 dein
346 1065 475 1115 retortae
505 1051 644 1135 figulinae
665 1051 805 1114 loricatae
825 1050 972 1123 immitte,
993 1053 1064 1123 cni,
1086 1071 1153 1113 mo

247 1153 348 1216 diante
369 1155 433 1214 luto
454 1151 576 1237 pingui,
603 1152 773 1236 excipulum
805 1149 971 1235 applicetur
999 1153 1152 1234 amplum,

247 1275 326 1336 aqua
350 1251 456 1335 frigida
487 1273 582 1336 paene
603 1253 773 1334 repletum,
805 1263 835 1314 et
865 1253 972 1314 tubulo
1001 1273 1095 1333 parvo
1122 1256 1153 1312 in

247 1368 332 1436 parte
352 1350 497 1434 superiori
517 1351 686 1432 munitum,
707 1373 762 1435 per
774 1372 865 1435 quern
876 1373 932 1435 gas
944 1350 1030 1414 exire
1045 1356 1151 1436 possit.

225 1451 416 1515 'Destillatio
438 1451 491 1514 fiat
509 1456 576 1534 igne
597 1466 702 1534 aperto
723 1463 754 1513 et
768 1455 873 1516 sensim
889 1463 979 1514 aucto
993 1452 1032 1514 ad
1052 1468 1151 1516 retor-

190 1549 193 1556 ’
246 1565 296 1616 tue
316 1553 571 1629 condescendam,
593 1553 690 1613 donec
710 1564 812 1634 guttae
834 1551 957 1613 transire
978 1566 1109 1616 cessent.

306 1653 501 1736 Phosphorus
523 1651 660 1726 elicitus,
681 1655 704 1714 si
725 1652 858 1714 nondum
881 1655 950 1714 sotis
972 1674 1065 1736 purus
1090 1674 1140 1734 ap·

246 1769 371 1836 pareat,
404 1752 596 1816 rectificetur
616 1751 812 1816 destillatione
841 1773 858 1814 e
888 1763 1001 1814 retorta
1033 1751 1145 1832 auree,

245 1854 356 1918 blando
377 1874 484 1916 arenae
498 1853 616 1930 calore,
635 1852 667 1915 in
677 1853 848 1936 excipulum
863 1851 1024 1917 sufficienti
1037 1857 1145 1937 Aquae

122 1949 124 1953 ’
248 1952 414 2037 quantitate
435 1955 592 2037 repletum.

353 2082 526 2175 erinnis
548 2114 802 2175 ienarnrrrns
825 2135 848 2176 s.
870 2113 1036 2175 conani

511 2213 875 2276 ossanncrrortnu.

307 2356 355 2415 Ex
374 2355 517 2417 Extracto
538 2352 799 2451 Rheilcomposito
820 2355 988 2417 formentur
1007 2357 1075 2439 lege
1098 2381 1147 2422 ar.

248 2457 283 2516 tis
304 2455 415 2516 Pilulae
436 2455 474 2515 ad
494 2455 611 2537 pondus
631 2473 793 2534 granorum
814 2455 956 2518 duorum.
1061 2457 1073 2476 ⁹

448 2612 621 2674 PILULAE
646 2612 938 2675 AETHIOPICAE.
974 2564 978 2576 =

248 2759 283 2817 ll.
304 2751 490 2835 Hydrurgyri
511 2753 577 2835 puri
597 2751 751 2813 drachmas
773 2772 846 2832 sex,

309 2851 462 2934 sulphuris
483 2849 592 2912 stibiati
612 2849 772 2911 aurantiaci
793 2852 910 2911 unciam
930 2849 1099 2916 dimidiam.

248 2954 282 3013 ln
303 2954 444 3013 mortario
465 2949 560 3016 vitreo
581 2951 619 3011 ad
640 2950 800 3032 perlectam
822 2949 1012 3033 globulorum
1025 2955 1140 3017 exstin-

247 3051 378 3114 ctionem
399 3055 471 3112 tritis
492 3051 641 3112 addantur
661 3063 692 3110 et
712 3049 961 3112 commisceantur

187 3191 194 3235 p
309 3151 434 3234 Saponis
455 3149 621 3233 Hisponici‚

305 3251 431 3318 Resinae
453 3250 596 3333 ijnci,
617 3249 800 3334 singulorum
821 3250 908 3314 uncia
928 3252 1075 3329 dimidia,

309 3355 417 3438 Syrupi
438 3355 623 3431 communis,
644 3368 787 3434 quantum
809 3351 939 3436 sufficit,

247 3466 281 3520 ut
300 3453 353 3520 fiat
373 3457 485 3532 Massa,
505 3477 522 3518 e
542 3475 602 3536 qua
623 3454 787 3517 formentur
806 3453 930 3537 pilulae.
