2438 4148
248 283 317 357 136
620 303 703 356 rnna
728 305 770 358 11„

241 433 404 506 evaporent
424 420 462 481 ad
482 415 584 481 uncias
604 419 821 502 quadraginta,
856 417 966 503 quibat
986 419 1018 481 in
1040 435 1143 482 retor-

241 533 302 582 tam
324 523 447 582 vitream
468 518 624 601 immisaia,
646 521 724 582 adde

157 611 160 620 ’
281 619 365 682 Acidi
386 619 546 703 sulphurici
566 618 749 682 concenuati
769 616 870 684 undar
890 619 1074 701 duodecim,

161 749 165 756 ·
281 725 384 803 Aquae
404 722 543 781 fontanae
563 723 655 782 unciis
676 734 746 782 octo
767 722 882 785 dilutas.

239 823 383 883 Retortae
404 821 514 882 collum
535 820 623 884 ablue
644 841 713 894 cum

282 923 382 1002 Aquae
403 919 565 980 destinatae
587 919 678 981 unciis
700 934 838 1003 quatuor.

219 1017 321 1083 ‘Tum
342 1019 484 1104 adaptato
514 1019 672 1102 recipiente
699 1031 730 1084 et
751 1022 890 1102 iuncturi·
909 1019 1051 1100 munitis,
1085 1017 1140 1080 lint

239 1118 400 1185 destillatio
421 1121 460 1181 ed
480 1125 600 1182 ciccum.

440 1279 613 1340 ACETUM
632 1279 934 1342 DESTlLLATUM.

237 1420 275 1479 R.
299 1419 380 1479 Aceti
400 1419 469 1482 Vini
491 1415 598 1482 Gallici
620 1433 765 1500 quantum
787 1418 866 1482 libet.

275 1518 452 1584 Destilletur
472 1542 488 1582 e
509 1531 622 1581 retorta
644 1518 755 1598 vitrea,
785 1530 838 1580 aut
862 1541 880 1580 a
900 1521 1057 1582 cucurbita
1082 1543 1139 1584 cu·

236 1619 314 1703 pren¹
327 1631 432 1682 stanno
454 1621 584 1682 obducta
605 1617 778 1700 munitaque
799 1617 956 1700 capitello,
984 1641 1044 1680 una
1065 1643 1135 1682 cum

236 1717 331 1779 canali
351 1717 570 1801 refrigeratoria
601 1739 618 1778 e
646 1727 751 1778 stanno
782 1737 858 1798 puro
888 1728 1016 1798 parato,
1049 1717 1132 1780 lanto

235 1817 313 1900 igne.
328 1819 433 1879 Prodit
447 1821 543 1901 primo
556 1817 707 1898 Phlegmm
717 1816 800 1898 quod
812 1815 1021 1898 abjiciendum.
1038 1819 1136 1898 Quod

234 1916 385 1998 sequitur,
405 1921 529 1980 Acetum
544 1928 598 1979 est.
615 1919 812 1978 Continuetur
827 1917 1015 1996 Destillatio,
1036 1918 1136 1981 donec

235 2039 252 2079 e
273 2018 432 2080 duodecim
455 2018 499 2078 vel
521 2017 689 2101 quindecim
711 2014 861 2077 libris-vix
881 2018 1053 2100 sesquilibra
1087 2041 1137 2081 su·

235 2116 347 2199 percit,
365 2139 405 2194 ne
419 2121 511 2180 Aceto
524 2118 562 2180 ad
576 2117 736 2180 siccitatem
751 2116 919 2194 abstracto,
939 2139 1135 2202 empyreum

236 2217 437 2280 contrahatur.

400 2377 568 2438 ACETUM
590 2372 968 2438 PROPHYLACTlCUM

358 2526 362 2538 “
455 2515 525 2580 Vid.
546 2516 674 2578 Acetum
694 2520 907 2579 aromaticum.

482 2675 654 2736 Acunum
676 2651 884 2739 nosnn‘tnu.

234 2821 271 2879 Il.
295 2820 441 2879 Rosarum
463 2817 619 2878 rubrarnm
641 2815 785 2878 siccarum
806 2833 951 2901 quantum
972 2819 1061 2896 libet,

295 2923 377 2980 Aveti
398 2917 469 2981 Vini
491 2903 626 2980 deirittati
648 2918 802 3000 octuplum
824 2919 975 3001 ponderis.

233 3018 345 3097 Misce,
365 3018 395 3078 in
417 3037 487 3078 vase
507 3018 583 3079 bene
605 3009 747 3080 obturato
768 3018 940 3099 digerantur
953 3017 1062 3104 frigido
1078 3045 1132 3104 per

232 3118 386 3180 octiduum
408 3117 532 3182 circiter.
554 3119 662 3180 Postea
683 3117 819 3179 colentur
839 3130 872 3180 et
891 3117 1007 3182 fortiter
1030 3125 1136 3204 expri·'

234 3233 360 3280 mantur.

448 3375 620 3438 ACETUM
639 3377 910 3442 LlTHARGYRll

455 3517 525 3579 vid.
547 3517 673 3578 Acetum
697 3519 902 3581 Saturninum.
