<?xml version="1.0" encoding="UTF-8"?>
<!DOCTYPE html PUBLIC "-//W3C//DTD XHTML 1.0 Transitional//EN"
    "http://www.w3.org/TR/xhtml1/DTD/xhtml1-transitional.dtd">
<html xmlns="http://www.w3.org/1999/xhtml" xml:lang="en" lang="en">
 <head>
  <title>
</title>
<meta http-equiv="Content-Type" content="text/html;charset=utf-8" />
  <meta name='ocr-system' content='tesseract 3.04.00' />
  <meta name='ocr-capabilities' content='ocr_page ocr_carea ocr_par ocr_line ocrx_word'/>
</head>
<body>
  <div class='ocr_page' id='page_1' title='image "./pharmacopoeadan00unkngoog_0129.png"; bbox 0 0 2438 4148; ppageno 0'>
   <div class='ocr_carea' id='block_1_1' title="bbox 624 268 766 319">
    <p class='ocr_par' dir='ltr' id='par_1_1' title="bbox 624 268 766 319">
     <span class='ocr_line' id='line_1_1' title="bbox 624 268 766 319; baseline 0.021 -3"><span class='ocrx_word' id='word_1_1' title='bbox 624 268 705 317; x_wconf 75' lang='lat' dir='ltr'>PARS</span> <span class='ocrx_word' id='word_1_2' title='bbox 730 269 766 319; x_wconf 85' lang='lat' dir='ltr'>ll.</span> 
     </span>
    </p>
   </div>
   <div class='ocr_carea' id='block_1_2' title="bbox 424 475 901 690">
    <p class='ocr_par' dir='ltr' id='par_1_2' title="bbox 424 475 901 690">
     <span class='ocr_line' id='line_1_2' title="bbox 491 475 901 541; baseline 0.005 -8"><span class='ocrx_word' id='word_1_3' title='bbox 491 475 645 536; x_wconf 83' lang='lat' dir='ltr'>AClDUM</span> <span class='ocrx_word' id='word_1_4' title='bbox 666 475 901 541; x_wconf 88' lang='lat' dir='ltr'>BENZOlCUM</span> 
     </span>
     <span class='ocr_line' id='line_1_3' title="bbox 424 609 842 690; baseline 0 -18"><span class='ocrx_word' id='word_1_5' title='bbox 424 609 446 618; x_wconf 50' lang='lat'>⁶</span> <span class='ocrx_word' id='word_1_6' title='bbox 553 614 680 690; x_wconf 80' lang='lat' dir='ltr'>(Floret</span> <span class='ocrx_word' id='word_1_7' title='bbox 700 615 842 681; x_wconf 75' lang='lat' dir='ltr'>benzoe&#39;s)</span> 
     </span>
    </p>
   </div>
   <div class='ocr_carea' id='block_1_3' title="bbox 250 767 1157 1246">
    <p class='ocr_par' dir='ltr' id='par_1_3' title="bbox 250 767 1157 1246">
     <span class='ocr_line' id='line_1_4' title="bbox 251 767 1047 854; baseline 0.006 -29"><span class='ocrx_word' id='word_1_8' title='bbox 251 768 287 828; x_wconf 83' lang='lat' dir='ltr'>R.</span> <span class='ocrx_word' id='word_1_9' title='bbox 313 767 443 829; x_wconf 78' lang='lat' dir='ltr'>Reuzoe&#39;a</span> <span class='ocrx_word' id='word_1_10' title='bbox 465 769 636 850; x_wconf 85' lang='lat' dir='ltr'>pulveratae</span> <span class='ocrx_word' id='word_1_11' title='bbox 656 770 755 833; x_wconf 81' lang='lat' dir='ltr'>unciae</span> <span class='ocrx_word' id='word_1_12' title='bbox 777 769 877 854; x_wconf 82' lang='lat' dir='ltr'>viginti</span> <span class='ocrx_word' id='word_1_13' title='bbox 897 783 1047 851; x_wconf 83' lang='lat' dir='ltr'>quatuor,</span> 
     </span>
     <span class='ocr_line' id='line_1_5' title="bbox 310 867 985 953; baseline 0.007 -26"><span class='ocrx_word' id='word_1_14' title='bbox 310 867 392 928; x_wconf 79' lang='lat' dir='ltr'>Natti</span> <span class='ocrx_word' id='word_1_15' title='bbox 412 870 560 931; x_wconf 85' lang='lat' dir='ltr'>carbonici</span> <span class='ocrx_word' id='word_1_16' title='bbox 580 871 766 953; x_wconf 69' lang='lat' dir='ltr'>crystallinti</span> <span class='ocrx_word' id='word_1_17' title='bbox 786 875 885 932; x_wconf 77' lang='lat' dir='ltr'>unciae</span> <span class='ocrx_word' id='word_1_18' title='bbox 906 881 985 932; x_wconf 86' lang='lat' dir='ltr'>octo.</span> 
     </span>
     <span class='ocr_line' id='line_1_6' title="bbox 250 965 689 1049; baseline 0.018 -25"><span class='ocrx_word' id='word_1_19' title='bbox 250 965 362 1041; x_wconf 84' lang='lat' dir='ltr'>Misce,</span> <span class='ocrx_word' id='word_1_20' title='bbox 384 982 416 1027; x_wconf 91' lang='lat' dir='ltr'>et</span> <span class='ocrx_word' id='word_1_21' title='bbox 436 969 569 1049; x_wconf 89' lang='lat' dir='ltr'>decoque</span> <span class='ocrx_word' id='word_1_22' title='bbox 590 990 625 1031; x_wconf 80' lang='lat' dir='ltr'>ex</span> <span class='ocrx_word' id='word_1_23' title='bbox 681 983 689 1006; x_wconf 84' lang='grc'><strong><em>’</em></strong></span> 
     </span>
     <span class='ocr_line' id='line_1_7' title="bbox 291 1066 852 1146; baseline 0.007 -24"><span class='ocrx_word' id='word_1_24' title='bbox 291 1067 393 1144; x_wconf 82' lang='lat' dir='ltr'><strong>Aquae</strong></span> <span class='ocrx_word' id='word_1_25' title='bbox 415 1066 582 1127; x_wconf 83' lang='lat' dir='ltr'>communis</span> <span class='ocrx_word' id='word_1_26' title='bbox 604 1068 683 1127; x_wconf 77' lang='lat' dir='ltr'>libris</span> <span class='ocrx_word' id='word_1_27' title='bbox 704 1066 852 1146; x_wconf 78' lang='lat' dir='ltr'>sedecim¹</span> 
     </span>
     <span class='ocr_line' id='line_1_8' title="bbox 251 1163 1157 1246; baseline 0.006 -24"><span class='ocrx_word' id='word_1_28' title='bbox 251 1174 394 1243; x_wconf 78' lang='lat' dir='ltr'>perpetue</span> <span class='ocrx_word' id='word_1_29' title='bbox 415 1163 572 1244; x_wconf 82' lang='lat' dir='ltr'>agitando,</span> <span class='ocrx_word' id='word_1_30' title='bbox 594 1185 645 1246; x_wconf 92' lang='lat' dir='ltr'>per</span> <span class='ocrx_word' id='word_1_31' title='bbox 666 1167 770 1226; x_wconf 89' lang='lat' dir='ltr'>horam</span> <span class='ocrx_word' id='word_1_32' title='bbox 791 1164 951 1227; x_wconf 79' lang='lat' dir='ltr'>dimidiam.</span> <span class='ocrx_word' id='word_1_33' title='bbox 968 1166 1053 1226; x_wconf 75' lang='lat' dir='ltr'>Colo.</span> <span class='ocrx_word' id='word_1_34' title='bbox 1070 1165 1157 1227; x_wconf 85' lang='lat' dir='ltr'>Beu-</span> 
     </span>
    </p>
   </div>
   <div class='ocr_carea' id='block_1_4' title="bbox 160 1263 670 1336">
    <p class='ocr_par' dir='ltr' id='par_1_4' title="bbox 160 1263 670 1336">
     <span class='ocr_line' id='line_1_9' title="bbox 160 1263 670 1336; baseline 0.016 -19"><span class='ocrx_word' id='word_1_35' title='bbox 160 1333 163 1336; x_wconf 28' lang='grc'><strong>,</strong></span> <span class='ocrx_word' id='word_1_36' title='bbox 196 1265 200 1272; x_wconf 81' lang='grc'><strong><em>’</em></strong></span> <span class='ocrx_word' id='word_1_37' title='bbox 251 1265 323 1320; x_wconf 81' lang='lat' dir='ltr'>zo&#39;e&#39;n</span> <span class='ocrx_word' id='word_1_38' title='bbox 345 1263 491 1324; x_wconf 81' lang='lat' dir='ltr'>residuam</span> <span class='ocrx_word' id='word_1_39' title='bbox 513 1264 611 1324; x_wconf 87' lang='lat' dir='ltr'>denuo</span> <span class='ocrx_word' id='word_1_40' title='bbox 632 1285 670 1324; x_wconf 88' lang='lat' dir='ltr'>ex</span> 
     </span>
    </p>
   </div>
   <div class='ocr_carea' id='block_1_5' title="bbox 239 1361 1156 2136">
    <p class='ocr_par' dir='ltr' id='par_1_5' title="bbox 251 1361 1156 1738">
     <span class='ocr_line' id='line_1_10' title="bbox 291 1361 760 1441; baseline 0.011 -23"><span class='ocrx_word' id='word_1_41' title='bbox 291 1363 396 1441; x_wconf 80' lang='lat' dir='ltr'>Aquae</span> <span class='ocrx_word' id='word_1_42' title='bbox 418 1362 585 1422; x_wconf 84' lang='lat' dir='ltr'>communit</span> <span class='ocrx_word' id='word_1_43' title='bbox 606 1361 686 1423; x_wconf 81' lang='lat' dir='ltr'>libris</span> <span class='ocrx_word' id='word_1_44' title='bbox 708 1383 760 1423; x_wconf 83' lang='lat' dir='ltr'>tex</span> 
     </span>
     <span class='ocr_line' id='line_1_11' title="bbox 251 1457 1156 1542; baseline 0 -21"><span class='ocrx_word' id='word_1_45' title='bbox 251 1461 403 1542; x_wconf 79' lang='lat' dir='ltr'>decoque,</span> <span class='ocrx_word' id='word_1_46' title='bbox 439 1473 470 1522; x_wconf 92' lang='lat' dir='ltr'>et</span> <span class='ocrx_word' id='word_1_47' title='bbox 491 1462 564 1523; x_wconf 84' lang='lat' dir='ltr'>cola.</span> <span class='ocrx_word' id='word_1_48' title='bbox 598 1459 769 1522; x_wconf 84' lang='lat' dir='ltr'>Colaturatu</span> <span class='ocrx_word' id='word_1_49' title='bbox 798 1481 868 1522; x_wconf 90' lang='lat' dir='ltr'>oum</span> <span class='ocrx_word' id='word_1_50' title='bbox 891 1458 982 1542; x_wconf 82' lang='lat' dir='ltr'>priori</span> <span class='ocrx_word' id='word_1_51' title='bbox 1004 1457 1096 1522; x_wconf 70' lang='lat' dir='ltr'>misce</span> <span class='ocrx_word' id='word_1_52' title='bbox 1123 1477 1156 1521; x_wconf 90' lang='lat' dir='ltr'>et</span> 
     </span>
     <span class='ocr_line' id='line_1_12' title="bbox 251 1559 1155 1641; baseline 0 -21"><span class='ocrx_word' id='word_1_53' title='bbox 251 1580 399 1640; x_wconf 88' lang='lat' dir='ltr'>evapora,</span> <span class='ocrx_word' id='word_1_54' title='bbox 433 1562 528 1620; x_wconf 90' lang='lat' dir='ltr'>donec</span> <span class='ocrx_word' id='word_1_55' title='bbox 551 1559 706 1641; x_wconf 74' lang='lat' dir='ltr'>,supersint</span> <span class='ocrx_word' id='word_1_56' title='bbox 734 1559 827 1620; x_wconf 79' lang='lat' dir='ltr'>librae</span> <span class='ocrx_word' id='word_1_57' title='bbox 850 1560 937 1621; x_wconf 87' lang='lat' dir='ltr'>duae.</span> <span class='ocrx_word' id='word_1_58' title='bbox 969 1559 1088 1634; x_wconf 71' lang='lat' dir='ltr'>Fibra,</span> <span class='ocrx_word' id='word_1_59' title='bbox 1122 1575 1155 1620; x_wconf 82' lang='lat' dir='ltr'>et</span> 
     </span>
     <span class='ocr_line' id='line_1_13' title="bbox 251 1656 779 1738; baseline 0.004 -22"><span class='ocrx_word' id='word_1_60' title='bbox 251 1658 343 1718; x_wconf 86' lang='lat' dir='ltr'>Acido</span> <span class='ocrx_word' id='word_1_61' title='bbox 364 1657 531 1738; x_wconf 79' lang='lat' dir='ltr'>sulphurico</span> <span class='ocrx_word' id='word_1_62' title='bbox 552 1656 646 1720; x_wconf 87' lang='lat' dir='ltr'>diluto</span> <span class='ocrx_word' id='word_1_63' title='bbox 668 1669 779 1718; x_wconf 78' lang='lat' dir='ltr'>sutura.</span> 
     </span>
    </p>

    <p class='ocr_par' dir='ltr' id='par_1_6' title="bbox 239 1753 1154 2136">
     <span class='ocr_line' id='line_1_14' title="bbox 291 1753 1151 1837; baseline -0.001 -21"><span class='ocrx_word' id='word_1_64' title='bbox 291 1755 424 1816; x_wconf 70' lang='lat' dir='ltr'>Atridam¹</span> <span class='ocrx_word' id='word_1_65' title='bbox 437 1755 630 1830; x_wconf 82' lang='lat' dir='ltr'>benzoicuru,</span> <span class='ocrx_word' id='word_1_66' title='bbox 658 1757 713 1817; x_wconf 89' lang='lat' dir='ltr'>sub</span> <span class='ocrx_word' id='word_1_67' title='bbox 734 1756 829 1816; x_wconf 88' lang='lat' dir='ltr'>lorma</span> <span class='ocrx_word' id='word_1_68' title='bbox 855 1753 986 1837; x_wconf 77' lang='lat' dir='ltr'>pulveris</span> <span class='ocrx_word' id='word_1_69' title='bbox 1006 1753 1151 1834; x_wconf 86' lang='lat' dir='ltr'>levioris,</span> 
     </span>
     <span class='ocr_line' id='line_1_15' title="bbox 252 1853 1152 1936; baseline -0.002 -20"><span class='ocrx_word' id='word_1_70' title='bbox 252 1876 288 1916; x_wconf 84' lang='lat' dir='ltr'>ex</span> <span class='ocrx_word' id='word_1_71' title='bbox 308 1854 426 1915; x_wconf 86' lang='lat' dir='ltr'>cinereo</span> <span class='ocrx_word' id='word_1_72' title='bbox 446 1855 533 1915; x_wconf 85' lang='lat' dir='ltr'><strong>albidi</strong></span> <span class='ocrx_word' id='word_1_73' title='bbox 553 1856 799 1936; x_wconf 87' lang='lat' dir='ltr'>praecipitatum,</span> <span class='ocrx_word' id='word_1_74' title='bbox 831 1857 860 1914; x_wconf 90' lang='lat' dir='ltr'>in</span> <span class='ocrx_word' id='word_1_75' title='bbox 891 1874 970 1935; x_wconf 83' lang='lat' dir='ltr'>aqua</span> <span class='ocrx_word' id='word_1_76' title='bbox 1001 1853 1152 1914; x_wconf 74' lang='lat' dir='ltr'>bulliente</span> 
     </span>
     <span class='ocr_line' id='line_1_16' title="bbox 239 1951 1154 2034; baseline -0.004 -18"><span class='ocrx_word' id='word_1_77' title='bbox 239 1954 343 2026; x_wconf 71' lang='lat' dir='ltr'>eolre.</span> <span class='ocrx_word' id='word_1_78' title='bbox 364 1955 524 2034; x_wconf 87' lang='lat' dir='ltr'>Liquorem</span> <span class='ocrx_word' id='word_1_79' title='bbox 546 1955 644 2014; x_wconf 87' lang='lat' dir='ltr'>udbue</span> <span class='ocrx_word' id='word_1_80' title='bbox 666 1955 825 2014; x_wconf 85' lang='lat' dir='ltr'>ferventem</span> <span class='ocrx_word' id='word_1_81' title='bbox 847 1952 911 2012; x_wconf 85' lang='lat' dir='ltr'>oola</span> <span class='ocrx_word' id='word_1_82' title='bbox 933 1973 987 2034; x_wconf 91' lang='lat' dir='ltr'>per</span> <span class='ocrx_word' id='word_1_83' title='bbox 1002 1951 1154 2027; x_wconf 79' lang='lat' dir='ltr'>linteum,</span> 
     </span>
     <span class='ocr_line' id='line_1_17' title="bbox 251 2035 1154 2136; baseline 0 -22"><span class='ocrx_word' id='word_1_84' title='bbox 251 2067 281 2114; x_wconf 90' lang='lat' dir='ltr'>et</span> <span class='ocrx_word' id='word_1_85' title='bbox 301 2053 339 2114; x_wconf 83' lang='lat' dir='ltr'>ed</span> <span class='ocrx_word' id='word_1_86' title='bbox 360 2055 615 2136; x_wconf 79' lang='lat' dir='ltr'>crystallisnudum</span> <span class='ocrx_word' id='word_1_87' title='bbox 637 2035 757 2135; x_wconf 71' lang='lat' dir='ltr'>iapoue.</span> <span class='ocrx_word' id='word_1_88' title='bbox 788 2051 952 2135; x_wconf 74' lang='lat' dir='ltr'>Crystallot</span> <span class='ocrx_word' id='word_1_89' title='bbox 983 2052 1154 2128; x_wconf 76' lang='lat' dir='ltr'>collectas,</span> 
     </span>
    </p>
   </div>
   <div class='ocr_carea' id='block_1_6' title="bbox 252 2143 875 2236">
    <p class='ocr_par' dir='ltr' id='par_1_7' title="bbox 252 2143 875 2236">
     <span class='ocr_line' id='line_1_18' title="bbox 252 2143 875 2236; baseline -0.006 -21"><span class='ocrx_word' id='word_1_90' title='bbox 252 2174 330 2236; x_wconf 90' lang='lat' dir='ltr'>aqua</span> <span class='ocrx_word' id='word_1_91' title='bbox 350 2152 452 2234; x_wconf 79' lang='lat' dir='ltr'>frigida</span> <span class='ocrx_word' id='word_1_92' title='bbox 472 2152 587 2214; x_wconf 81' lang='lat' dir='ltr'>ablutae</span> <span class='ocrx_word' id='word_1_93' title='bbox 597 2197 609 2233; x_wconf 84' lang='lat'><strong><em>,</em></strong></span> <span class='ocrx_word' id='word_1_94' title='bbox 631 2149 708 2213; x_wconf 82' lang='lat' dir='ltr'>eioca</span> <span class='ocrx_word' id='word_1_95' title='bbox 730 2162 760 2212; x_wconf 91' lang='lat' dir='ltr'>et</span> <span class='ocrx_word' id='word_1_96' title='bbox 773 2143 875 2213; x_wconf 39' lang='lat' dir='ltr'>*servo</span> 
     </span>
    </p>
   </div>
   <div class='ocr_carea' id='block_1_7' title="bbox 489 2310 880 2373">
    <p class='ocr_par' dir='ltr' id='par_1_8' title="bbox 489 2310 880 2373">
     <span class='ocr_line' id='line_1_19' title="bbox 489 2310 880 2373; baseline 0.003 -2"><span class='ocrx_word' id='word_1_97' title='bbox 489 2311 646 2373; x_wconf 78' lang='lat' dir='ltr'>actnttttt</span> <span class='ocrx_word' id='word_1_98' title='bbox 667 2310 880 2372; x_wconf 84' lang='lat' dir='ltr'>ClTRlCUM.</span> 
     </span>
    </p>
   </div>
   <div class='ocr_carea' id='block_1_8' title="bbox 181 2445 1150 2828">
    <p class='ocr_par' dir='ltr' id='par_1_9' title="bbox 181 2445 903 2530">
     <span class='ocr_line' id='line_1_20' title="bbox 181 2445 903 2530; baseline -0.006 -20"><span class='ocrx_word' id='word_1_99' title='bbox 181 2465 186 2470; x_wconf 84' lang='lat'>&#39;</span> <span class='ocrx_word' id='word_1_100' title='bbox 250 2451 288 2509; x_wconf 85' lang='lat' dir='ltr'>Il.</span> <span class='ocrx_word' id='word_1_101' title='bbox 313 2446 401 2518; x_wconf 75' lang='lat' dir='ltr'>Suoci</span> <span class='ocrx_word' id='word_1_102' title='bbox 421 2445 489 2510; x_wconf 90' lang='lat' dir='ltr'>oitri</span> <span class='ocrx_word' id='word_1_103' title='bbox 509 2447 658 2530; x_wconf 83' lang='lat' dir='ltr'>expressi,</span> <span class='ocrx_word' id='word_1_104' title='bbox 676 2457 822 2528; x_wconf 83' lang='lat' dir='ltr'>quantum</span> <span class='ocrx_word' id='word_1_105' title='bbox 843 2450 903 2521; x_wconf 81' lang='lat' dir='ltr'>ria,</span> 
     </span>
    </p>

    <p class='ocr_par' dir='ltr' id='par_1_10' title="bbox 251 2543 1150 2629">
     <span class='ocr_line' id='line_1_21' title="bbox 251 2543 1150 2629; baseline 0.001 -21"><span class='ocrx_word' id='word_1_106' title='bbox 251 2561 310 2610; x_wconf 80' lang='lat' dir='ltr'>etet</span> <span class='ocrx_word' id='word_1_107' title='bbox 331 2567 384 2629; x_wconf 91' lang='lat' dir='ltr'>per</span> <span class='ocrx_word' id='word_1_108' title='bbox 405 2547 518 2627; x_wconf 81' lang='lat' dir='ltr'>aliquot</span> <span class='ocrx_word' id='word_1_109' title='bbox 539 2545 602 2606; x_wconf 81' lang='lat' dir='ltr'>dies</span> <span class='ocrx_word' id='word_1_110' title='bbox 623 2560 653 2606; x_wconf 90' lang='lat' dir='ltr'>et</span> <span class='ocrx_word' id='word_1_111' title='bbox 673 2543 809 2606; x_wconf 89' lang='lat' dir='ltr'>filtretur.</span> <span class='ocrx_word' id='word_1_112' title='bbox 832 2546 864 2604; x_wconf 91' lang='lat' dir='ltr'>lu</span> <span class='ocrx_word' id='word_1_113' title='bbox 886 2565 936 2608; x_wconf 84' lang='lat' dir='ltr'>vas</span> <span class='ocrx_word' id='word_1_114' title='bbox 952 2549 1080 2610; x_wconf 80' lang='lat' dir='ltr'>vitreum</span> <span class='ocrx_word' id='word_1_115' title='bbox 1094 2547 1150 2609; x_wconf 87' lang='lat' dir='ltr'>im·</span> 
     </span>
    </p>

    <p class='ocr_par' dir='ltr' id='par_1_11' title="bbox 252 2641 1082 2828">
     <span class='ocr_line' id='line_1_22' title="bbox 252 2641 1082 2728; baseline -0.002 -20"><span class='ocrx_word' id='word_1_116' title='bbox 252 2648 341 2708; x_wconf 88' lang='lat' dir='ltr'>misso</span> <span class='ocrx_word' id='word_1_117' title='bbox 362 2648 415 2707; x_wconf 83' lang='lat' dir='ltr'>sub</span> <span class='ocrx_word' id='word_1_118' title='bbox 437 2656 576 2728; x_wconf 86' lang='lat' dir='ltr'>perpetua</span> <span class='ocrx_word' id='word_1_119' title='bbox 599 2642 773 2706; x_wconf 83' lang='lat' dir='ltr'>ebullitione</span> <span class='ocrx_word' id='word_1_120' title='bbox 793 2641 900 2706; x_wconf 81' lang='lat' dir='ltr'>sentim</span> <span class='ocrx_word' id='word_1_121' title='bbox 921 2642 1082 2726; x_wconf 80' lang='lat' dir='ltr'>adjiciatur</span> 
     </span>
     <span class='ocr_line' id='line_1_23' title="bbox 292 2745 704 2828; baseline -0.015 -19"><span class='ocrx_word' id='word_1_122' title='bbox 292 2748 397 2808; x_wconf 81' lang='lat' dir='ltr'>Cretae</span> <span class='ocrx_word' id='word_1_123' title='bbox 417 2765 510 2828; x_wconf 84' lang='lat' dir='ltr'>purae</span> <span class='ocrx_word' id='word_1_124' title='bbox 533 2745 704 2825; x_wconf 75' lang='lat' dir='ltr'>pulver-atae</span> 
     </span>
    </p>
   </div>
   <div class='ocr_carea' id='block_1_9' title="bbox 251 2841 1148 3019">
    <p class='ocr_par' dir='ltr' id='par_1_12' title="bbox 251 2841 1148 3019">
     <span class='ocr_line' id='line_1_24' title="bbox 251 2841 1146 2928; baseline -0.001 -22"><span class='ocrx_word' id='word_1_125' title='bbox 251 2857 394 2928; x_wconf 88' lang='lat' dir='ltr'>quantum</span> <span class='ocrx_word' id='word_1_126' title='bbox 416 2842 525 2904; x_wconf 86' lang='lat' dir='ltr'>sufficit</span> <span class='ocrx_word' id='word_1_127' title='bbox 546 2843 583 2902; x_wconf 90' lang='lat' dir='ltr'>ad</span> <span class='ocrx_word' id='word_1_128' title='bbox 604 2841 763 2924; x_wconf 83' lang='lat' dir='ltr'>perlectam</span> <span class='ocrx_word' id='word_1_129' title='bbox 784 2845 1004 2904; x_wconf 69' lang='lat' dir='ltr'>saturationem.</span> <span class='ocrx_word' id='word_1_130' title='bbox 1025 2843 1090 2905; x_wconf 78' lang='lat' dir='ltr'>Vae</span> <span class='ocrx_word' id='word_1_131' title='bbox 1110 2845 1146 2905; x_wconf 78' lang='lat' dir='ltr'>eb</span> 
     </span>
     <span class='ocr_line' id='line_1_25' title="bbox 252 2933 1148 3019; baseline -0.003 -19"><span class='ocrx_word' id='word_1_132' title='bbox 252 2943 317 3019; x_wconf 76' lang='lat' dir='ltr'>igne</span> <span class='ocrx_word' id='word_1_133' title='bbox 338 2950 486 2998; x_wconf 88' lang='lat' dir='ltr'>remotum</span> <span class='ocrx_word' id='word_1_134' title='bbox 506 2949 667 3016; x_wconf 84' lang='lat' dir='ltr'>seponatur</span> <span class='ocrx_word' id='word_1_135' title='bbox 687 2954 740 3015; x_wconf 90' lang='lat' dir='ltr'>per</span> <span class='ocrx_word' id='word_1_136' title='bbox 761 2933 884 3012; x_wconf 66' lang='lat' dir='ltr'>horam,</span> <span class='ocrx_word' id='word_1_137' title='bbox 916 2946 946 2994; x_wconf 89' lang='lat' dir='ltr'>et</span> <span class='ocrx_word' id='word_1_138' title='bbox 977 2935 1076 3016; x_wconf 84' lang='lat' dir='ltr'>liquot·</span> <span class='ocrx_word' id='word_1_139' title='bbox 1096 2957 1148 2997; x_wconf 83' lang='lat' dir='ltr'>au·</span> 
     </span>
    </p>
   </div>
   <div class='ocr_carea' id='block_1_10' title="bbox 250 3031 1146 3517">
    <p class='ocr_par' dir='ltr' id='par_1_13' title="bbox 250 3031 1146 3218">
     <span class='ocr_line' id='line_1_26' title="bbox 252 3031 1146 3120; baseline -0.004 -22"><span class='ocrx_word' id='word_1_140' title='bbox 252 3047 409 3120; x_wconf 84' lang='lat' dir='ltr'>pernataus</span> <span class='ocrx_word' id='word_1_141' title='bbox 430 3036 613 3095; x_wconf 86' lang='lat' dir='ltr'>decantetur.</span> <span class='ocrx_word' id='word_1_142' title='bbox 637 3033 743 3094; x_wconf 88' lang='lat' dir='ltr'>Cretae</span> <span class='ocrx_word' id='word_1_143' title='bbox 758 3032 875 3094; x_wconf 86' lang='lat' dir='ltr'>citrieae</span> <span class='ocrx_word' id='word_1_144' title='bbox 895 3031 1047 3114; x_wconf 77' lang='lat' dir='ltr'>residuae,</span> <span class='ocrx_word' id='word_1_145' title='bbox 1070 3055 1146 3116; x_wconf 83' lang='lat' dir='ltr'>equa</span> 
     </span>
     <span class='ocr_line' id='line_1_27' title="bbox 250 3131 835 3218; baseline -0.003 -22"><span class='ocrx_word' id='word_1_146' title='bbox 250 3136 352 3218; x_wconf 77' lang='lat' dir='ltr'>frigide</span> <span class='ocrx_word' id='word_1_147' title='bbox 372 3134 490 3194; x_wconf 87' lang='lat' dir='ltr'>ablutae</span> <span class='ocrx_word' id='word_1_148' title='bbox 511 3145 541 3194; x_wconf 90' lang='lat' dir='ltr'>et</span> <span class='ocrx_word' id='word_1_149' title='bbox 562 3135 687 3194; x_wconf 81' lang='lat' dir='ltr'>siccatae</span> <span class='ocrx_word' id='word_1_150' title='bbox 709 3131 835 3194; x_wconf 86' lang='lat' dir='ltr'>addatur</span> 
     </span>
    </p>

    <p class='ocr_par' dir='ltr' id='par_1_14' title="bbox 291 3229 802 3316">
     <span class='ocr_line' id='line_1_28' title="bbox 291 3229 802 3316; baseline -0.008 -20"><span class='ocrx_word' id='word_1_151' title='bbox 291 3233 374 3296; x_wconf 70' lang='lat' dir='ltr'>beidi</span> <span class='ocrx_word' id='word_1_152' title='bbox 396 3233 552 3316; x_wconf 83' lang='lat' dir='ltr'>sulphurioi</span> <span class='ocrx_word' id='word_1_153' title='bbox 574 3229 693 3292; x_wconf 84' lang='lat' dir='ltr'>dimidie</span> <span class='ocrx_word' id='word_1_154' title='bbox 715 3252 802 3313; x_wconf 84' lang='lat' dir='ltr'>pars,</span> 
     </span>
    </p>

    <p class='ocr_par' dir='ltr' id='par_1_15' title="bbox 250 3330 1144 3517">
     <span class='ocr_line' id='line_1_29' title="bbox 292 3330 925 3416; baseline -0.003 -20"><span class='ocrx_word' id='word_1_155' title='bbox 292 3339 394 3416; x_wconf 74' lang='lat' dir='ltr'>Aquae</span> <span class='ocrx_word' id='word_1_156' title='bbox 415 3331 580 3396; x_wconf 78' lang='lat' dir='ltr'>communit</span> <span class='ocrx_word' id='word_1_157' title='bbox 600 3330 735 3414; x_wconf 82' lang='lat' dir='ltr'>partibus</span> <span class='ocrx_word' id='word_1_158' title='bbox 756 3330 925 3394; x_wconf 82' lang='lat' dir='ltr'>aexdiluti.</span> 
     </span>
     <span class='ocr_line' id='line_1_30' title="bbox 250 3429 1144 3517; baseline -0.003 -19"><span class='ocrx_word' id='word_1_159' title='bbox 250 3439 432 3517; x_wconf 77' lang='lat' dir='ltr'>Digerautur</span> <span class='ocrx_word' id='word_1_160' title='bbox 453 3453 505 3514; x_wconf 87' lang='lat' dir='ltr'>per</span> <span class='ocrx_word' id='word_1_161' title='bbox 525 3433 612 3494; x_wconf 83' lang='lat' dir='ltr'>borae</span> <span class='ocrx_word' id='word_1_162' title='bbox 634 3429 733 3512; x_wconf 80' lang='lat' dir='ltr'>viginti</span> <span class='ocrx_word' id='word_1_163' title='bbox 755 3430 1024 3514; x_wconf 64' lang='lat' dir='ltr'>quodnamque</span> <span class='ocrx_word' id='word_1_164' title='bbox 1045 3434 1144 3497; x_wconf 80' lang='lat' dir='ltr'>eridut</span> 
     </span>
    </p>
   </div>
   <div class='ocr_carea' id='block_1_11' title="bbox 0 0 1227 4148">
    <p class='ocr_par' dir='ltr' id='par_1_16' title="bbox 0 0 1227 4148">
     <span class='ocr_line' id='line_1_31' title="bbox 0 0 1227 4148; baseline 0 0"><span class='ocrx_word' id='word_1_165' title='bbox 0 0 1227 4148; x_wconf 95' lang='lat' dir='ltr'> </span> 
     </span>
    </p>
   </div>
  </div>
 </body>
</html>
