2418 4148
293 301 446 352 uersata
471 301 754 354 emsmcnvrros
915 281 962 354 53

62 413 117 478 nui
139 415 237 478 vestiti
257 427 289 478 et
308 415 555 498 ponderosiores,
575 439 678 482 recens
707 419 805 482 siccati
836 421 961 482 cortices

61 513 180 596 citrini,
203 536 264 576 uon
278 515 405 595 virides,
426 537 482 580 osc
495 519 569 579 lusci
582 519 627 580 vel
638 518 697 580 rito
710 523 851 604 corrupti.
874 521 961 582 Odor

63 613 219 676 ssavodinis
241 613 368 676 recentis
388 615 544 696 fragrans,
564 604 766 700 gratissimusr
786 638 875 702 sapor
896 639 962 680 aro·

60 718 191 780 mationa
221 713 454 798 calidiusculus‚
486 716 671 780 subamarus.
685 719 818 780 ·Succur
848 722 962 782 iotcuse

60 815 166 877 acidus
188 833 290 896 purus.

56 953 59 962 .
100 913 279 976 Eorundem
312 913 467 976 SUCCUS
502 935 606 977 recens
641 935 804 999 expressus.
839 915 961 1000 Saporis

60 1012 142 1076 acidi
162 1013 261 1095 grati;
281 1033 352 1074 cum
374 1011 443 1074 Kali
464 1035 541 1096 puro
561 1029 712 1078 saturatus
742 1037 848 1080 succus
876 1016 963 1091 citri,

62 1129 175 1176 terram
197 1109 375 1195 praecipitat
395 1113 581 1192 calcaneum,
606 1114 638 1176 ia
660 1115 765 1196 majori
795 1113 962 1197 quantitate

62 1211 146 1293 succi
167 1209 235 1274 citri
255 1210 365 1272 iterum
385 1211 562 1290 solubilem,
583 1233 645 1293 qua
658 1211 760 1285 indole
772 1213 810 1274 ab
823 1213 964 1276 omnibus

62 1313 128 1373 aliis
151 1307 244 1371 acidis
265 1308 501 1390 distinguendus.
532 1315 624 1372 Aceto
649 1312 853 1385 adulteratus,
883 1327 966 1374 satu·

65 1410 181 1472 ratione
201 1429 272 1470 cum
293 1407 363 1468 Kali
377 1393 414 1468 ‘in
434 1408 479 1470 sal
500 1419 637 1470 neutrum
653 1421 802 1483 mutatos,
824 1410 965 1472 erinstil·

67 1509 177 1572 latione
197 1507 313 1589 aliquot
333 1507 538 1588 guttularum,
559 1506 636 1569 acidi
655 1508 817 1586 sulphurioi
839 1510 965 1572 odorem

71 1603 832 1692 spargitaceti31lulisulphuricuorpraeeipitatur‚
848 1611 872 1670 si
887 1607 966 1668 acidi
1052 1600 1060 1614 ’

69 1705 250 1790 salphaad,
281 1703 351 1766 Kali
382 1703 556 1767 tartaricum
577 1724 672 1785 vero,
695 1705 720 1767 si
739 1705 815 1768 acidi
836 1704 968 1768 tarterici
1092 1764 1101 1782 ,

74 1823 105 1870 et
124 1805 234 1887 aliquid
254 1805 421 1866 admixtum
440 1804 551 1877 soerit3
571 1804 612 1865 sal
634 1816 773 1869 neutrum
805 1825 822 1864 e
842 1803 966 1885 liquoris

72 1902 281 1988 evaporatione
303 1902 459 1962 obtentum
481 1904 581 1982 prunis
602 1901 847 1983 superpositum,
881 1903 967 1964 ‹leto-

71 2004 173 2066 nando
203 2002 321 2066 acidum
353 1997 492 2060 uitricum
512 1997 672 2075 enuncist;
699 2000 827 2062 solutum
850 2019 922 2062 vero
943 2003 967 2061 si

68 2113 193 2187 argento
227 2102 331 2162 uitrico
362 2097 595 2180 praecipitetur,
625 2097 743 2160 acidum
776 2098 967 2161 muriaticam

65 2202 179 2288 prodit.
203 2197 333 2262 Genuiui
355 2195 477 2260 etfortis
499 2194 582 2258 succi
602 2200 665 2258 citri
680 2197 839 2260 drachmae
851 2199 967 2260 duode-

65 2309 125 2366 cim
148 2299 220 2360 Ksl‘r
240 2299 382 2358 drachma
402 2317 462 2357 una
484 2295 612 2377 perlecta
639 2309 820 2358 saturantur.
851 2291 974 2356 Metho'
1078 2367 1082 2374 .

62 2405 141 2468 dum
164 2394 373 2462 acidumcitri
395 2407 559 2476 purumne
582 2395 809 2477 crystallisetum
842 2416 968 2478 praepa·

65 2497 160 2564 randi
182 2495 252 2560 vide
273 2498 349 2556 inter
363 2505 543 2576 praeparata
564 2492 748 2574 Exprimitur
760 2513 863 2554 succus
876 2493 909 2570 in
923 2493 969 2554 ol·

64 2601 165 2664 licinia
195 2593 288 2678 ipsis,
318 2593 492 2673 plerumque
524 2609 596 2650 vero
624 2589 733 2652 elocis
747 2632 757 2669 ,
773 2613 864 2672 guae
886 2591 968 2654 cittis

65 2697 247 2766 abundant,
266 2713 295 2754 v.
315 2713 341 2752 c.
362 2711 400 2752 ex
421 2685 522 2750 Sicilia
542 2698 573 2748 et
593 2709 629 2750 ex
648 2690 730 2752 lndia
751 2689 968 2754 transmittitur.

66 2792 271 2876 corruptelae
295 2789 382 2853 valde
401 2785 548 2848 obnoxius
577 2798 644 2864 est,
663 2809 753 2868 quam
775 2791 814 2853 ad
845 2809 969 2870 praeca.

66 2895 227 2966 vendam,
249 2908 355 2951 succus
376 2906 430 2967 per
450 2884 584 2946 chartam
605 2885 736 2946 bibulam
757 2887 885 2950 filtrotns
896 2932 908 2969 ,
937 2887 970 2948 in

65 2993 149 3058 vasis
173 2987 272 3050 vitreis
293 2984 373 3066 longi
394 2994 425 3044 et
443 2978 559 3064 cogniti
580 2982 650 3044 colli
671 2985 763 3065 probe
791 2987 908 3068 repletis
939 2999 970 3048 et

66 3103 137 3156 arte
160 3088 288 3157 clausis,
318 3082 349 3144 in
376 3081 451 3144 cella
472 3097 624 3156 serveturr
655 3082 866 3146 adhaerescens
898 3105 969 3148 vere
1041 3117 1043 3126 ι

68 3212 126 3275 per
147 3179 264 3249 morsm
284 3179 383 3245 suberi
403 3177 550 3254 cuticula,
570 3179 678 3242 sedulo
697 3191 729 3242 et
749 3197 834 3244 caute
849 3203 969 3268 separe·

69 3302 141 3362 tur,
162 3286 201 3346 ah
221 3285 301 3344 omni
331 3281 487 3362 agitatione
515 3298 554 3340 ne
583 3278 780 3343 rudimentum
812 3284 970 3358 ascendat,

71 3387 190 3452 solicite
210 3390 360 3442 caveatur.

114 3483 295 3547 Eorundem
315 3473 520 3546 CORTlCES
549 3475 580 3575 io
601 3441 689 3542 usum
717 3459 876 3541 trahuntur
906 3489 969 3542 tarn

810 3580 850 3640 5*
