2420 4148
632 328 717 378 rm
740 329 775 374 11.

441 539 611 601 NATRUM
631 537 961 622 Pflospfloutcutt

525 678 632 756 (Sada
648 679 876 761 phosphorum)

259 844 294 900 ll.
317 839 400 899 Natri
420 835 589 914 carbonici,
609 813 754 918 quantum
778 837 837 914 vis,

318 934 400 996 scidi
423 933 612 1015 phosphorici
631 934 736 1013 diluti,
763 944 912 1016 quantum
932 934 972 994 nd
993 934 1155 998 saturatio·

359 1053 429 1093 nem
451 1029 622 1113 requiritur.
949 1029 952 1038 ⁴

257 1136 370 1216 Liquor
389 1132 516 1193 filtratns
537 1132 575 1193 ad
602 1131 858 1214 crystallisandum
888 1146 1058 1216 evaporet3
1092 1155 1158 1215 cry·

258 1234 331 1294 stalli
350 1231 493 1293 collectae
514 1229 546 1292 in
565 1251 642 1301 vase,
655 1232 758 1294 clauso
779 1243 948 1296 serventur.

271 1431 443 1493 NATRUM
463 1431 750 1492 SULPHURICUM
772 1431 1148 1495 CRYSTALLlSllTUll

486 1569 565 1644 (Sat
584 1569 726 1628 mirabile
748 1569 915 1648 Glaubert')

299 1726 463 1788 Residuum
483 1725 608 1788 salinum
629 1747 667 1788 ex
686 1723 882 1794 destillatione
901 1727 988 1790 Aridi
1010 1729 1157 1790 munatici

259 1827 414 1889 obtentum
436 1842 607 1888 conteratur
635 1841 665 1888 et
688 1827 719 1889 in
739 1850 819 1909 aqua
838 1830 994 1890 communi
1017 1833 1161 1892 solvatur.

259 1925 375 1988 Solutio
394 1924 477 1986 Natri
496 1924 644 1986 carbonici
662 1926 811 2004 addatur,
843 1928 940 1988 donec
961 1929 1024 1989 hoc
1045 1928 1163 2013 aliqua·

259 2041 345 2088 tenus
365 2025 542 2106 praevaleat.
562 2027 675 2105 Liquos·
693 2026 821 2087 filtrotus
842 2029 881 2088 ad
904 2027 1078 2109 pelliculam
1094 2053 1164 2092 eva-

259 2136 365 2207 poret,
386 2135 418 2184 et
436 2124 505 2183 loco
524 2121 633 2206 frigido
653 2124 692 2184 ad
707 2124 966 2207 crystallisauduur
982 2143 1164 2210 seponatur.

260 2221 420 2304 Crystallos
440 2219 578 2282 collectis
599 2223 719 2284 invase
740 2222 843 2284 clauso
863 2223 931 2285 usui
952 2246 1054 2288 serva.

379 2323 468 2385 Nota.
489 2324 558 2382 seri
592 2325 759 2404 expositum
790 2343 902 2404 aquam
937 2325 971 2384 in
1010 2326 1161 2408 crystallis

420 2435 592 2502 contentam
612 2421 728 2504 perdit,
762 2433 793 2484 ct
821 2422 855 2484 io
874 2423 1037 2506 pulverem
1058 2427 1163 2489 album

420 2519 535 2582 fatiscit.

363 2670 522 2742 'OLEUM
543 2677 742 2740 ABSlNTHll
761 2679 1039 2768 ¹AE'l‘llliREUM.

258 2826 296 2887 R.
323 2822 533 2883 summitatum
562 2817 710 2880 Absinthii
745 2824 908 2883 recentium
942 2839 1015 2886 ante
1050 2826 1162 2890 florum

358 2918 563 2983 evolutionem
573 2919 781 3001 decerptarum
790 2920 970 3004 modiceque
980 2927 1162 2990 siccatur-rim

359 3021 447 3082 libras
466 3023 592 3094 decem,

317 3125 424 3203 Aquae
443 3117 609 3181 communis
631 3115 720 3179 libras
741 3118 913 3200 sexaginta,

258 3222 442 3288 destillentur
459 3209 499 3280 ex
518 3217 633 3292 vesica,
648 3217 812 3302 ¹oleumque
832 3238 931 3300 aquae
946 3217 1094 3287 innatans
1115 3247 1162 3288 η.

257 3334 389 3411 paretur.
410 3323 496 3402 Aqua
516 3340 588 3382 vero
609 3337 664 3400 pro
684 3337 762 3380 nors
776 3316 923 3382 absinthii
942 3311 1034 3405 copia
1049 3323 1163 3390 iteratis

258 3422 502 3490 destillationibus
522 3418 653 3481 inservit
