2354 4138
259 305 413 354 urrann
438 301 720 358 rainurcnvrrct
886 287 931 358 23

35 425 153 493 simum,
175 418 352 501 Thrausmn
365 418 513 479 veteribus
525 419 656 491 dictum,
680 417 858 480 adhibeatur
868 422 886 480 i.
901 440 929 482 e.

36 520 81 578 vel
98 516 341 579 ammoniacum*
350 520 379 576 in
391 517 480 598 -puris
501 516 599 600 granis
620 529 748 590 emtum,
769 518 817 578 vel
831 519 929 600 grumi

42 618 218 679 candidiores
239 620 402 698 variegati‚
423 617 678 700 subspiendsntss‚
699 640 716 679 e
738 639 831 680 massa
852 621 928 681 sele·

39 717 83 778 cti.
103 721 174 795 Quo
197 718 338 778 uberiore
358 719 467 778 horum
481 716 624 798 unguium
640 739 693 780 seu
707 719 930 810 amygdalarum

33 815 177 877 dictarum
192 817 281 896 copia
292 814 441 894 abundat,
464 835 502 876 eo
516 817 713 895 praestantius
732 814 855 877 Gummi
869 836 930 876 am·

33 913 202 974 monianum
223 926 281 973 ost.
302 913 395 989 Quod
414 912 475 992 inm
495 913 626 973 solamur
646 915 801 992 venditur,
825 933 929 996 snspe-

36 1025 107 1074 ntum
121 1024 181 1088 est3
191 1031 264 1072 oum
275 1031 362 1092 saepe
372 1009 502 1072 nonnihil
514 1012 682 1072 Peucedani
697 1011 870 1074 immixtum
881 1011 930 1074 sit.

71 1169 355 1232 AMMONMCUM
386 1169 474 1245 SAL3
494 1169 717 1230 AMMONIUM
746 1171 930 1232 MUMATI·

34 1273 124 1332 CUM.
147 1267 327 1331 Salmiak.
349 1267 523 1331 Salmialr.

70 1411 126 1472 Est
148 1409 195 1470 sal
216 1418 357 1468 nentrum
376 1425 416 1467 ex
435 1406 529 1468 Anido
550 1408 705 1469 muriatico
726 1409 933 1484 et-Ammonio‚

41 1529 91 1570 nto
108 1530 171 1571 nun
192 1524 274 1589 aqua
294 1505 544 1588 crystallisationis
570 1518 716 1570 constans.
747 1510 826 1568 Inter
853 1507 934 1568 anti·

43 1609 177 1691 quissima
196 1609 270 1670 salia
292 1607 465 1687 habebatur,
484 1607 516 1668 in
537 1611 673 1690 Aegypto
685 1620 723 1668 ox
736 1606 854 1689 fuligine
864 1621 935 1669 ster·

44 1729 147 1768 norum
156 1707 328 1768 animalium
339 1721 590 1768 concrematurum
603 1719 749 1790 paratum.
762 1707 849 1768 Nunc
860 1727 934 1769 vero

48 1808 216 1886 Bruosrigae
239 1797 354 1866 etatis
376 1805 553 1868 Germaniae
575 1805 656 1878 locis,
676 1825 712 1866 ao
731 1805 762 1866 in
784 1805 884 1866 Scotia
904 1819 936 1868 et

43 1901 73 1962 in
96 1902 189 1963 Gallia
207 1903 390 1979 fabricatur,
410 1917 441 1964 ot
460 1903 555 1964 forma
574 1923 736 1979 umorum,
756 1902 849 1964 instar
874 1923 937 1964 sac·

40 2002 121 2064 chari
139 2003 285 2065 adfertur.
307 1990 449 2063 Nativum'
465 2005 571 2079 etiam,
592 2015 706 2064 montes
735 2001 880 2084 ignivomi
905 2017 937 2065 et

38 2103 272 2164 Caimuccorum
293 2100 376 2182 regio
395 2100 570 2184 largiuntur.
592 2101 854 2182 Crystattoshaber
867 2102 936 2184 plu·

35 2225 158 2276 mosam
180 2201 214 2261 in
235 2201 355 2263 modico
377 2201 474 2262 calore
495 2212 591 2262 totum
612 2200 797 2262 sublimatur.
829 2201 937 2262 Odoris

36 2318 78 2362 est
99 2297 269 2374 levissimi3
288 2299 543 2381 saporis'senturn
562 2299 676 2380 frigoris
696 2298 813 2381 linguae
833 2299 938 2381 impri-

36 2401 163 2480 mentia,
188 2400 272 2460 salini
284 2443 292 2471 ‚
304 2400 430 2459 ‘urinnsi
444 2398 579 2478 Eiigstur
592 2397 750 2459 candidum
765 2410 797 2458 et
810 2413 936 2480 purum,

34 2502 119 2580 quod
143 2497 254 2560 addito
274 2497 334 2558 tulo
354 2497 439 2558 atrati
458 2496 516 2559 fixo
537 2515 607 2560 tuux
628 2497 697 2560 salis
721 2498 842 2558 volatilis
864 2496 938 2559 odo·

32 2621 97 2659 rem
117 2597 251 2680 spargit.
929 2617 931 2624 ·

74 2753 313 2818 annuarum
337 2729 604 2815 uunrnrrcun.
620 2753 688 2816 vn.
704 2756 939 2816 ammoniacam

30 2860 103 2918 Sat.

75 2971 341 3036 AMYGDALAE
375 2970 543 3034 DULCES.
586 2973 697 3034 Sodo
738 2963 938 3035 Mandler.

33 3079 153 3137 Siisze
176 3069 359 3133 Mandein.

84 3193 288 3276 Amygdalae
312 3193 493 3264 communis,
512 3190 667 3257 Linn.,Cl.
689 3189 757 3249 XM.
779 3190 843 3250 ord.
872 3189 941 3250 Mo·

35 3315 177 3378 nogyn.‚
199 3291 347 3353 NUCLEI
368 3309 407 3350 ex
426 3289 547 3373 Europa
568 3289 688 3352 australi
702 3287 791 3350 altari.
812 3290 889 3350 Sunt
900 3310 946 3349 so·

35 3396 127 3456 mina
148 3395 264 3472 majora
279 3390 369 3452 odore
384 3389 490 3467 debili,
505 3409 608 3472 sapore
619 3388 699 3450 dulci
713 3403 744 3450 st
759 3400 843 3472 grato
857 3408 941 3470 prae·

33 3495 133 3573 dira,
155 3490 294 3574 peiliouia
310 3488 415 3562 tenui,
437 3488 572 3570 aequali,
596 3507 656 3550 noo
687 3509 794 3571 rugosa
823 3486 941 3566 egilvo
