2418 4148
975 404 987 442 l

111 478 293 552 retinenda
331 505 409 553 esse
446 481 628 576 duximus,
664 507 837 554 recensus.
881 482 989 554 Com·

116 598 276 692 plectitur
299 623 368 669 aon
395 600 504 670 modo
530 599 699 698 simplicia
712 654 723 695 ,
749 599 814 672 sed
839 625 880 672 ea
906 623 991 699 quo·

112 741 181 812 que
206 729 427 812 praeparata,
454 741 563 814 quae,
589 743 695 815 quum
722 717 909 790 commode
933 718 990 790 hic

107 832 226 928 parari
253 844 441 928 nequeant,
467 856 610 928 peregre
627 831 755 904 advehi
772 857 916 906 necesse
935 835 989 906 sit.

160 949 333 1021 Ordinem
351 952 486 1048 sequuti
503 977 621 1023 sunaus
641 965 852 1050 sequentem.
872 951 989 1026 Primo

107 1068 190 1140 loco
215 1067 365 1139 habetur
399 1071 547 1166 cujusvis
580 1068 827 1141 medicamenti
860 1093 990 1142 nomen

108 1183 292 1256 officinale.
306 1186 499 1281 Sequuntur
516 1185 672 1282 ejusdem
698 1186 840 1256 nomina
866 1207 988 1260 verna·

104 1304 196 1399 cuia,
215 1316 381 1401 quantum
398 1305 470 1374 fieri
488 1305 612 1401 potuit,
625 1306 662 1375 in
672 1304 794 1397 Dania,
805 1303 986 1402 Norregia,

103 1420 282 1514 lslandia,
320 1422 475 1519 Laponia
509 1435 574 1493 cet.
615 1435 803 1515 consueta,
837 1421 986 1520 denique

106 1540 310 1610 Teutonica.
335 1541 387 1611 Ea
412 1539 556 1612 tandem
581 1541 708 1639 excipit
731 1541 986 1634 Linnaeauum,

10 1749 15 1756 Ι
106 1657 229 1728 addita
255 1657 425 1728 Classiam
450 1672 486 1729 et
511 1657 700 1754 Ordinem,
726 1657 772 1730 ad
789 1683 876 1756 quos
900 1657 984 1732 illud

107 1773 269 1868 pertinet,
285 1775 480 1867 mentione,
497 1777 638 1872 ejusque
655 1771 890 1872 descriptione
908 1802 983 1848 suo-

107 1890 233 1960 cincta.
255 1891 386 1980 Quibus
413 1893 613 1989 praemissis
640 1891 867 1990 subjiciuntur
891 1892 982 1964 Cha·

106 2018 256 2077 racteres
284 2031 406 2078 sensus
432 2007 653 2104 potissimum
670 2007 850 2103 ferientes,
877 2031 982 2106 sapo-

101 2125 170 2217 ris,
208 2121 348 2220 odoris,
386 2149 450 2196 nec
484 2149 557 2196 non
588 2126 716 2220 figurae
746 2129 980 2224 cujuscunque

101 2241 174 2314 fere
200 2240 392 2339 simplicis,
417 2241 514 2314 locus
540 2242 681 2338 natalis,
712 2256 849 2341 tempus
877 2244 980 2316 colle·

101 2358 230 2429 ctionis
257 2372 292 2428 et
322 2359 480 2456 inprimis
514 2372 617 2432 notae
651 2358 827 2433 bonitatis.
861 2359 980 2459 Neque

105 2476 385 2548 desiderantibus
408 2479 444 2548 iu
468 2477 732 2550 medicamentis
750 2505 769 2550 e
786 2503 893 2575 regno
920 2507 979 2553 ve-

100 2591 241 2688 getabili
267 2593 439 2690 receptis,
479 2592 578 2666 deest
612 2593 806 2689 designatio
841 2593 976 2668 tabulae

99 2713 246 2801 aeneae,
272 2710 411 2804 quaein
428 2707 548 2780 Florae
564 2709 715 2784 Dacicae
732 2709 854 2782 illustri
871 2736 976 2809 opere

98 2829 175 2921 ejus
201 2827 346 2920 figuram
370 2824 519 2898 exhibet
1008 2823 1010 2826 ’

150 2941 251 3012 Parte
278 2943 471 3038 posteriore
496 2943 750 3016 medicamenta
779 2948 974 3043 composita

96 3075 132 3132 et
158 3074 363 3160 praeparata
390 3059 738 3159 comprehenduntur.
755 3063 820 3134 Hic
839 3087 975 3163 quoque

99 3179 158 3250 diu
184 3177 359 3252 haesimus
387 3181 564 3278 suspensi,
590 3195 703 3253 utrum
729 3179 885 3254 chemica
911 3207 975 3256 noa

96 3294 310 3368 menclatura
335 3297 506 3368 recentior
523 3323 542 3370 a
560 3297 661 3370 nobis
687 3299 902 3397 recipienda,
928 3326 972 3372 an

98 3414 269 3486 servanda
296 3414 469 3512 antiquior
493 3427 595 3486 esset
611 3415 701 3485 Hinc
719 3414 863 3488 aderant
889 3443 970 3490 cau-

95 3557 154 3603 sae
181 3529 342 3626 verendi,
380 3555 424 3603 ue
456 3555 547 3607 nove
576 3529 745 3606 vocabula
771 3534 882 3608 minus
909 3561 970 3634 pe·
