2418 4148
256 287 306 385 68
635 257 716 365 slus
743 319 764 364 1.

290 488 454 584 'aureos
481 522 811 602 Quaesierunt.
845 527 995 605 Agerinus
1027 527 1150 588 caemr-

255 639 371 698 gerum.

685 802 719 874 G

300 977 492 1040 astruo-s
511 976 650 1038 utnon.
673 951 845 1060 arrange.
866 979 1032 1061 Golgous.

301 1115 468 1178 Maroneae
491 1117 668 1197 Golangae,
689 1116 777 1178 Lino.
791 1117 836 1178 Cl.
851 1117 874 1178 l.
887 1118 951 1180 ord.
965 1118 1151 1201 Monogyn.,

128 1211 134 1221 ⁴
257 1214 387 1276 Rsntx
407 1214 569 1290 tuberosa,
587 1218 720 1293 nodosa,
741 1215 927 1297 geniculata,
948 1218 1042 1297 dura,
1064 1217 1152 1278 mini·

257 1333 337 1372 mum
358 1312 483 1395 digitum
503 1333 624 1388 crosae,
644 1314 805 1397 seligantur
824 1316 1008 1398 ponderosae
1022 1313 1152 1378 nonos-

256 1413 370 1488 rioaae,
399 1422 482 1472 extus
513 1432 530 1472 a
562 1410 700 1492 spadioeo
733 1413 861 1489 rubrae,
887 1413 966 1474 intus
994 1414 1151 1489 rubellae;

257 1509 380 1589 odoris,
413 1510 584 1592 praesertim
615 1511 686 1572 dum
716 1513 938 1575 contundantur
968 1513 1150 1595 fragrantis,

257 1606 428 1685 aromatiei3
460 1608 572 1690 saporis
602 1610 702 1670 fervidi
723 1611 816 1690 acris,
839 1611 1004 1686 subornari,
1034 1613 1150 1674 subad-

257 1705 430 1788 stringentis.
451 1707 497 1768 Ex
517 1703 641 1768 Oriente
661 1707 857 1769 advehuntur.
918 1721 923 1726 '

173 1900 182 1906 ·
260 1931 262 1936 ,
298 1865 526 1926 GALBANUM.
549 1865 767 1928 Galbanum.
790 1867 1001 1929 Galbanum.

224 2045 229 2054 ι
299 2000 429 2062 Bubonir
445 2050 447 2056 ,
462 2000 596 2063 Gatheai
610 2045 620 2076 ,
636 2003 736 2062 ¹Lion.
769 2001 815 2064 cl.
847 2002 886 2067 V.
916 2003 981 2065 ord.
1013 2000 1149 2086 Digyn.‚

257 2099 393 2161 GUMMI
413 2099 557 2162 RESINA
577 2119 595 2162 e
616 2099 704 2184 Syria
724 2101 867 2176 advecta,
888 2121 992 2162 recens
1021 2122 1061 2162 ex
1079 2101 1150 2164 albo

256 2199 361 2274 luteo,
382 2198 528 2262 uetustior
542 2220 559 2260 a
572 2199 653 2261 luteo
667 2199 809 2273 subrufa,
830 2200 869 2262 ed
883 2200 982 2281 ignem
995 2199 1149 2262 flammam

257 2298 435 2382 concipiens.
454 2298 590 2381 Eligatur
605 2296 728 2358 Gummi
742 2318 862 2373 reeens,
884 2298 995 2360 siccum
1009 2301 1149 2380 quidem,

250 2383 309 2462 'sed
330 2400 428 2461 calore
448 2417 554 2460 manus
572 2397 735 2459 lentescens
766 2409 797 2459 et
818 2396 949 2477 ductile,
980 2397 1099 2460 interm
1120 2411 1149 2461 et

256 2518 401 2562 nauseose
420 2497 557 2580 specifice
576 2495 710 2571 olidum,
729 2500 839 2578 soporis
859 2495 965 2569 calidi,
985 2495 1149 2560 amarican-

256 2597 303 2662 tis.
325 2598 495 2661 Praefertur
513 2597 545 2658 in
564 2598 662 2679 granis
680 2595 822 2670 allatum,
842 2596 976 2680 quamvis
990 2601 1078 2660 variis
1098 2597 1145 2658 in·

257 2696 376 2760 tardum
390 2694 551 2779 quisquiliis
564 2694 787 2776 interpolatum.
805 2696 907 2777 Neque
923 2709 1021 2762 temen
1030 2739 1042 2777 ‚
1065 2697 1147 2779 quod

257 2801 287 2860 in
308 2795 407 2859 massis
427 2792 467 2858 ad
486 2815 541 2856 nos
561 2793 694 2876 peruenit
708 2793 898 2876 rejiciendum
912 2807 972 2870 est,
993 2795 1087 2882 modo
1096 2817 1147 2856 co·

257 2900 354 2983 piosas
374 2894 533 2980 particulas
555 2891 716 2954 albicantes
737 2912 843 2974 parum
864 2893 1069 2976 splendentes,
1089 2898 1147 2977 spi·

257 2985 349 3085 ritum
368 2995 431 3059 vini
451 3013 541 3058 aureo
561 2994 662 3056 colore
682 2996 848 3076 tingentes,
877 2992 1036 3057 eontineat.
1066 2993 1147 3076 Abii·

257 3097 435 3161 eia'tur'vero
445 3094 598 3176 impurum
610 3092 716 3156 coloris
727 3090 832 3167 luridi,
844 3092 934 3173 lusci,
954 3093 1148 3158 martulinis

258 3217 371 3260 aereae.
392 3192 585 3256 Adulteratur
603 3190 694 3253 variis
715 3189 868 3254 vilioribus
882 3191 1002 3266 resinis,
1024 3194 1148 3254 Ammo·

257 3295 346 3358 uiaoo
366 3306 422 3356 aut
434 3289 557 3353 Gummi
567 3290 688 3352 subrufo
700 3291 828 3351 Femlee
841 3290 1052 3372 galbanil'erae,
1072 3309 1147 3373 quoe

258 3396 291 3458 in
310 3392 407 3458 Sicilia
427 3392 553 3465 omisit,
572 3387 720 3470 variisque
750 3388 890 3450 ramemis
921 3387 1146 3472 vegetabilium,

259 3495 341 3577 quod
360 3513 378 3556 e
398 3490 540 3555 debiliore
553 3488 647 3550 odooe
667 3502 699 3550 et
717 3488 843 3552 defertu·
855 3488 1038 3574 splendoris,
1071 3489 1147 3552 eolo·

223 3593 230 3602 “
260 3593 359 3678 risque
378 3587 521 3674 variegati
541 3589 674 3672 patescit.
758 3581 762 3587 ’
