2418 4148
940 295 964 368 9

85 420 131 492 ad
149 417 383 516 adjuvandam
409 417 717 514 adaugendamque
742 395 869 486 maiam
893 435 965 484 me·

89 538 320 609 dicastrornm
346 534 588 630 sedulitatem,
627 535 721 607 unde
753 532 800 606 ad
824 556 964 629 rempu-

43 667 46 674 ’
88 654 216 728 blicam
240 653 381 727 infanda
414 653 542 726 damna
577 652 784 726 redundant
821 649 963 748 Agyrtis

86 797 171 844 vero
196 771 317 870 hisque
329 825 340 868 ,
366 795 514 869 quorum
544 772 590 844 ad
616 768 832 868 aegrotantis
852 763 964 840 stabile

83 890 281 988 perfugium
299 901 353 960 cst
365 887 586 962 formularum
604 886 964 986 pharmaceuticamm

25 1087 26 1090 Ἴ
83 1007 235 1106 sylloge,
266 1021 424 1079 nostram
448 1006 771 1104 Pharmacopoeam
796 1003 963 1076 inservire

81 1123 268 1197 noluimus.

131 1242 422 1340 Praeparationes
459 1239 636 1314 chemicae
674 1263 717 1314 ex
750 1251 848 1338 parte
885 1251 966 1310 sunt

82 1359 196 1434 multo
222 1359 452 1459 simpliciores
485 1357 667 1454 redditae,
702 1381 825 1430 omnes
860 1383 966 1457 vero,

84 1476 205 1576 quoad
231 1477 304 1548 fieri
329 1477 465 1575 potuit,
491 1474 748 1548 accuratissime
777 1474 964 1550 institutae.

84 1595 287 1693 Conspieua
304 1607 503 1667 nostrorum
525 1592 885 1691 pharmaceuticorum
903 1593 964 1666 So·

88 1712 217 1782 dolium
243 1709 384 1782 Beckeri
411 1723 446 1782 et
470 1707 667 1808 Mentireyi‚
699 1710 851 1782 virorum
876 1711 965 1808 peri·

94 1827 304 1898 tissimorum
329 1824 486 1919 solertia,
523 1848 589 1896 nos
616 1823 662 1896 de
686 1823 820 1896 illarum
843 1825 964 1924 explo-

88 1959 164 2016 rata
188 1944 255 2016 fide
281 1969 359 2015 esse
385 1943 598 2016 certissimos
622 1942 729 2040 jubet.

140 2061 252 2152 Quum
279 2060 325 2134 ob
352 2074 549 2160 emptorum
575 2063 786 2160 paucitatem
799 2055 965 2138 fieri'om-

86 2180 170 2252 nino
197 2180 369 2280 nequeat,
402 2193 440 2251 ut
473 2177 685 2278 oppidorum
712 2181 887 2254 minorum
911 2195 964 2254 ta·

85 2295 213 2368 bernae
239 2297 397 2368 medicae
414 2294 520 2392 pleno
544 2295 879 2369 medicamentorum
905 2323 965 2397 ap·

82 2427 206 2512 paratu
246 2414 434 2484 instructae
471 2411 567 2510 sint,
605 2411 776 2488 deiectum
815 2418 964 2488 maxime

83 2530 379 2621 necessariorum,
408 2552 495 2624 quae
519 2525 556 2601 in
582 2527 745 2602 omnibus
772 2531 964 2605 minorihus

82 2642 380 2742 pharmacopoliis
419 2657 559 2741 praesto
600 2669 678 2715 esse
717 2644 891 2742 debeant,
928 2655 964 2720 in

83 2760 180 2833 calce
208 2759 456 2856 subjunximus.

134 2876 295 2949 Tandem
333 2877 470 2976 adjecta
503 2889 557 2948 est
589 2879 685 2951 Taxa
723 2881 962 2978 medicinalis5

81 3017 172 3093 quae
198 3005 315 3064 tamen
341 3017 359 3062 e
384 2995 480 3088 jussu
505 2993 611 3088 Regio
620 3017 636 3089 ‚¹
663 3009 768 3090 prout
793 3020 963 3070 commer-

80 3113 216 3182 ciorum
236 3107 492 3183 vicissitudines
510 3109 662 3208 aliaeqne
680 3114 831 3210 rationes
844 3115 882 3186 id
900 3142 964 3213 po-

79 3227 301 3320 stulaverint,
316 3227 438 3298 annuis
456 3228 705 3300 mutationibus
720 3231 786 3301 erit
799 3230 960 3305 obnoxio.

129 3348 314 3419 Caeterum
342 3346 544 3441 gravitatem
581 3361 616 3422 et
651 3346 887 3421 difficultatem
912 3350 962 3425 la·

81 3460 176 3536 boris
218 3489 237 3534 a
276 3463 378 3535 nobis
413 3466 567 3561 suscepti
605 3467 702 3539 omni
737 3467 869 3540 ambitu
896 3495 960 3542 suo
