2420 4148
219 421 221 427 Ι
266 345 460 396 courosrrs
483 317 528 394 ur
553 345 771 396 emersurus
887 324 968 422 .195

285 520 491 582 PASSULAE
512 514 761 582 LAXATIVAE.

77 665 112 722 lt.
138 657 294 721 Foliorum
316 659 433 720 Sennea
455 661 554 720 uncias
575 645 722 741 quatuor,
819 651 880 718 ''t-t

79 759 254 839 Coquantur
273 754 305 816 in
868 756 870 760 ’
913 747 918 756 “

83 854 86 872 ”
136 857 239 938 Aquae
259 855 396 938 simplicis
417 855 510 917 unciis
532 857 648 918 decem.

76 959 188 1020 Versus
209 957 299 1018 finem
320 956 462 1019 coctionis
484 957 633 1020 addantur

138 1055 325 1118 Cinnamomi
346 1058 504 1120 drachmae
525 1069 596 1120 tres.

76 1157 226 1240 Expressa
246 1157 389 1218 ebulliant
408 1179 477 1219 cum

139 1256 278 1319 Sacehari
300 1257 357 1318 albi
378 1258 454 1320 libra
475 1280 547 1320 una.

76 1361 212 1444 Syrupus
232 1359 347 1421 calatus
366 1360 596 1443 superfundatur
616 1359 805 1421 Passularum
814 1359 970 1422 minorum

76 1462 167 1522 librae
188 1479 275 1523 unae.
326 1499 328 1504 ,

238 1623 246 1636 ⁸
331 1620 477 1684 ῬΑὸΤΑ
502 1620 704 1682 ALTHEAE.

78 1763 117 1819 ll.
142 1757 260 1820 lindicis
281 1757 405 1820 Altheae
425 1757 560 1820 concisae
580 1741 682 1820 uncias
702 1750 780 1832 tres,

76 1859 198 1920 infunde
220 1880 291 1920 cum
652 1855 656 1862 ’

137 1964 240 2042 Aquae
261 1958 411 2020 bullientis
432 1957 511 2020 libris
533 1970 601 2020 octo

74 2083 130 2145 per
159 2071 295 2134 noctem,
315 2071 435 2142 etpost
463 2063 579 2122 unicam
610 2060 812 2123 ebullitionem
841 2061 915 2122 cula.
937 2061 972 2121 ln

74 2162 213 2224 colatura
233 2160 385 2247 solvantur

137 2259 263 2328 Gummi
284 2258 420 2338 Arabici,
445 2259 451 2286 ⁸

30 2389 46 2402 =
136 2361 275 2422 Succhari
296 2358 376 2435 albi,
398 2357 579 2439 singulorum
600 2359 695 2422 librae
716 2375 786 2422 tres.

74 2463 172 2544 Cola,
193 2473 224 2524 et
244 2461 381 2546 spathula
403 2462 497 2543 lignea
518 2459 657 2538 continue
678 2455 831 2542 agitando,
851 2459 907 2521 leni
922 2481 973 2522 ca·
1006 2463 1008 2473 '

73 2565 140 2626 lore
160 2563 200 2624 ad
229 2561 325 2623 Mullis
346 2560 566 2624 consistentiam
596 2581 743 2643 evapora,
766 2572 800 2622 ut
820 2561 970 2636 albescat;

74 2662 185 2726 deinde
206 2663 336 2724 admisce

136 2761 296 2824 Albumina
316 2759 514 2844 quadraginta
534 2781 659 2823 ovorum
674 2762 840 2822 recentium
854 2759 885 2823 in
900 2781 972 2844 spu·
998 2843 1000 2848 ,

72 2849 157 2925 mam
179 2873 334 2944 quassata,
848 2879 853 2884 ·

136 2967 242 3048 Aquae
262 2962 373 3042 florum
394 2951 605 3023 hurantiomm
626 2957 728 3022 uncias
748 2981 809 3022 sex.

70 3066 242 3130 Lenissima
264 3065 363 3126 calore
384 3064 423 3124 ad
444 3066 550 3146 justam
573 3061 803 3132 consistentiam·
823 3061 880 3124 sub
900 3083 970 3144 per·

70 3178 167 3250 petua
187 3163 347 3246 agitatione
366 3161 546 3244 inspissetur.
566 3160 697 3222 Effuude
717 3163 746 3220 in
766 3159 901 3241 capsulas
921 3182 972 3242 pa·

69 3287 239 3350 pyraenus,
262 3277 292 3327 et
313 3264 380 3324 locu
402 3262 498 3325 calido
512 3263 628 3346 penitus
642 3265 778 3338 exsicca,
798 3261 920 3324 tandem
939 3260 971 3322 in
1010 3301 1012 3304 -

71 3367 198 3429 taleolas
220 3366 502 3429 aususausus..
580 3441 582 3448 X
