2418 4148
282 344 434 396 urrarua
458 344 739 397 ramacrvrrca
905 321 952 416 39

58 460 145 520 DlX.
168 457 327 538 Perennis,
357 463 386 520 in
406 461 555 544 paludosis
585 476 615 523 et
635 463 718 542 aquis
750 457 954 540 stagnantibus

61 559 231 631 luxuriam,
253 557 362 638 longa,
382 557 524 640 obliqua,
544 559 649 620 erebro
668 556 852 639 geniculata,
881 555 954 639 digi-

65 673 130 718 tum
152 677 261 732 crassa,
282 680 318 719 ex
339 659 417 718 llavo
438 657 609 736 ruleseens,
633 657 713 720 intus
735 658 803 720 alba
821 673 853 720 et
885 659 953 720 lun·

57 780 142 838 gosa.
168 759 287 841 Saporis
309 758 383 820 acris
405 773 436 819 et
456 757 626 832 aromatici,
646 755 745 854 odoris
764 757 926 842 Quantis.

103 919 226 978 CALX.
248 917 352 977 Kallr.
373 917 500 978 Kalclt.

102 1055 231 1114 Paratur
252 1075 269 1113 e
291 1053 435 1136 lapidibus
455 1065 485 1116 et
507 1059 589 1116 terris
614 1053 770 1127 calcaneis,
797 1075 814 1116 e
833 1052 953 1114 eouehir

58 1152 185 1214 arusinis
204 1164 235 1215 et
255 1165 422 1216 ostrearum
443 1153 602 1216 calcinatis.
625 1155 710 1215 Odor
729 1153 846 1230 nullus,
867 1173 954 1236 sapor

53 1251 222 1316 causticae.
244 1252 270 1313 Ε
293 1250 373 1314 testie
394 1267 557 1317 ostrearum
579 1264 698 1335 paratus
721 1252 892 1334 praefertur.

98 1412 408 1472 castruscattuut
429 1434 451 1472 s.
475 1411 764 1472 CAMPESCENSE
790 1411 952 1473 LlGNUlll.

53 1510 379 1590 Kampeslretraet.
400 1508 754 1591 Kampeschenhola.

98 1649 330 1728 Harmatoxyli
349 1647 546 1728 Campeseam'
556 1693 564 1720 ,
586 1651 669 1709 Lien.
692 1647 737 1708 Cl.
758 1647 796 1708 X.
810 1647 875 1710 ord.
889 1647 953 1708 Mo·

53 1767 197 1827 nogpn.,
215 1747 373 1806 LlGNUllll
393 1747 506 1808 arboris
526 1747 557 1808 in
579 1745 714 1808 Amerina
734 1743 882 1822 calidiori,
915 1747 953 1806 ad

55 1850 163 1908 sinum
188 1845 346 1926 Campesee
368 1849 446 1928 regni
467 1844 611 1906 Merieani
631 1845 750 1926 copiose
777 1848 952 1916 crescentis,

52 1947 173 2008 durum
196 1942 358 2006 admodum
372 1955 403 2004 et
417 1959 620 2025 compactum,
641 1944 745 2004 coloris
759 1942 860 2021 rubri,
881 1945 953 2006 odo·

51 2049 95 2106 ris
120 2047 170 2102 vir
184 2041 291 2117 ullius,
311 2042 423 2124 tapetia
447 2043 537 2105 duleis
561 2042 761 2123 amaricantis,
781 2044 885 2106 leniter
898 2045 951 2104 ad·

46 2143 238 2224 stringentis.

92 2299 338 2362 CAMPHORA.
361 2300 557 2382 Campher.
579 2299 770 2382 Kampher.

94 2441 200 2502 Lauri
220 2439 462 2520 canephoriferae
496 2437 629 2520 aliusque
664 2435 777 2499 arboris
811 2437 949 2518 ignotae,

45 2545 142 2607 Linn.
164 2538 212 2600 Cl.
234 2539 287 2598 IX.
307 2537 371 2597 ord.
392 2538 573 2618 Monogyn.,
595 2536 852 2600 CONCRETUM
882 2541 950 2598 resi·

44 2662 132 2704 noso
155 2639 291 2702 oleosum
313 2634 448 2711 volatile,
467 2637 497 2696 iu
517 2635 607 2717 glebis
627 2633 810 2697 deformibus
827 2635 950 2698 sordidis

40 2768 62 2806 e
85 2737 227 2822 Japonia
245 2749 276 2798 et
295 2737 369 2798 laus
390 2758 444 2818 per
462 2737 591 2798 Batauos
613 2735 754 2816 allatum,
783 2748 813 2797 et
842 2736 880 2796 ab
899 2736 950 2797 iis·

39 2846 148 2917 dem,
170 2859 249 2899 nova
270 2834 315 2898 uti
335 2837 454 2898 siletur
474 2835 676 2901 sublimatione
705 2855 762 2916 ape
788 2833 877 2894 auleis
903 2834 950 2898 vi-

41 2961 107 3001 vae
134 2957 192 3018 per
212 2955 242 2995 se
262 2935 422 2994 exstinctae
443 2954 478 2992 ac
492 2932 639 3013 dilapsae,
659 2933 855 3012 depuratum,
876 2946 906 2991 et
919 2930 950 2990 iu

39 3057 148 3124 panes
164 3021 342 3095 seu'massas
353 3031 527 3092 orbiculares
537 3031 609 3092 infra
622 3051 783 3105 concavas,
803 3043 950 3092 coactum.

43 3139 196 3224 O·dorem
225 3130 317 3190 habet
343 3126 625 3210 fragrantissimum,
655 3139 881 3208 penetrantem,
914 3128 951 3186 atl

41 3233 268 3298 Rosmarinum
282 3229 482 3302 accedentem
497 3247 631 3309 saporem
646 3225 852 3288 calidissimum
867 3227 950 3286 Men·

40 3338 124 3404 thee
163 3328 327 3412 Piperitidis
358 3328 527 3398 aemulum,
557 3327 784 3398 amaricantem,
818 3323 950 3404 linguam
1019 3331 1023 3340 '

33 3443 220 3514 faucesque
241 3441 456 3514 penetrantem.
479 3429 600 3508 Optima
620 3425 705 3486 nivea
726 3440 756 3486 et
776 3424 878 3507 glaciei
903 3424 950 3485 ltr-

31 3555 113 3606 star
139 3551 207 3607 est,
228 3531 452 3615 subdiaplrana3
474 3549 561 3613 super
581 3527 679 3608 ignem
701 3526 811 3610 liquata
826 3529 885 3591 olei
905 3529 949 3585 iu-
