2418 4148
139 1137 177 1275 J
180 1214 238 1260 am
264 1186 399 1260 dudum
424 1161 728 1284 Pharmacopocac
745 1183 898 1264 Denicae
920 1209 975 1258 re·

88 1305 273 1378 cudendae
288 1303 515 1378 animadverti
525 1305 644 1402 coepit
654 1304 857 1401 necessitas,
868 1329 975 1403 quum

87 1426 274 1520 editionis,
300 1449 386 1522 quae
408 1447 500 1496 anno
521 1449 612 1523 ¹77²
630 1421 830 1520 prodierat,
856 1447 974 1496 exem·

91 1543 198 1641 pla'ria
216 1543 382 1616 distracta
400 1555 605 1641 repertoque
623 1540 824 1614 difficillima
842 1556 971 1616 essent.

57 1709 62 1717 ι
89 1659 206 1732 Multis
227 1663 301 1756 'jam
327 1659 456 1732 abhinc
473 1660 573 1732 annis
586 1656 777 1752 Collegium
794 1659 972 1734 medicum

93 1805 163 1849 una
189 1805 265 1850 cum
289 1780 394 1875 Regia
420 1779 593 1850 Societate
626 1791 828 1877 susceperat
852 1782 971 1852 consi-

91 1896 175 1968 lium
202 1896 374 1970 subeundi
411 1896 597 1970 molestum
630 1896 723 1970 hunc
759 1921 830 1972 non
854 1900 969 1972 minus

90 2041 130 2086 ac
149 2013 337 2087 salutarem
349 2013 515 2088 laborem.
527 2017 612 2113 Ejus
630 2029 747 2088 tamen
764 2017 968 2114 perficiendi

86 2160 207 2205 curam
231 2129 388 2207 relictam
421 2133 488 2205 sibi
523 2135 611 2206 vidit
648 2159 778 2208 novum
803 2135 967 2208 Sanitatis

85 2251 300 2350 Collegium,
327 2254 422 2352 quod
448 2277 539 2325 anno
566 2255 744 2352 superiore
778 2253 965 2350 eCollegii

84 2373 213 2444 medici
239 2386 275 2443 et
301 2373 509 2475 Academiae
548 2371 761 2467 chirurgicos
793 2373 961 2446 membris

88 2488 227 2589 aliisque
246 2491 327 2560 viris
346 2492 464 2588 peritis
482 2491 725 2587 consumtum,
739 2493 837 2588 jussu
854 2491 961 2586 Regio

81 2609 117 2677 in
143 2608 232 2680 illius
250 2606 367 2680 locum
384 2633 424 2679 ac
452 2609 568 2680 munia
586 2611 772 2704 successit,
799 2633 960 2707 operam-

82 2751 150 2824 que
176 2728 210 2796 in
237 2725 449 2800 absolvenda
466 2752 559 2801 nova
574 2726 879 2827 Pharmacopoeae
898 2728 958 2801 diu

81 2843 301 2915 desideratae
338 2844 492 2918 editione
533 2843 762 2940 collocatam,
802 2847 958 2920 omnium

20 3001 22 3006 ·
78 2965 229 3061 primam
255 2965 560 3063 gravissimamque
585 2991 663 3038 esse
689 2968 832 3039 censuit.

128 3085 248 3178 Longe
266 3083 455 3181 simplicior
471 3086 672 3157 recentioris
690 3086 884 3160 medicinae
903 3087 954 3162 la-

80 3203 163 3300 cies,
197 3199 385 3275 multorum
414 3202 747 3279 medicamentorum
781 3208 954 3306 antiquio·

74 3346 151 3393 rum
165 3319 347 3418 inutilitas,
363 3320 603 3396 nonnullomm
622 3329 852 3401 recentiorum
866 3351 951 3400 non·

21 3496 22 3500 ,
78 3436 159 3511 dum
185 3463 250 3510 usu
276 3439 359 3512 satis
393 3438 623 3540 comprobata
655 3442 780 3539 agendi
804 3441 947 3517 facultas

801 3625 842 3718 ι*-
